%@string{ICASSP="Proc. ICASSP"}
@string{ICASSP="Proc. International Conference on Acoustics, Speech, and Signal Processing~(ICASSP)"}
@string{JASA="Journal of the Acoustical Society of America"}
@string{ITSAP="{IEEE} Transactions on Speech and Audio Processing"}
@string{ITSP="{IEEE} Transactions on Signal Processing"}
@string{ITASSP="{IEEE} Transactions on Acoustics, Speech, and Signal Processing"}
%@string{IWAENC="Proc. IWAENC"}
@string{IWAENC="Proc. International Workshop on Acoustic Echo and Noise Control~(IWAENC)"}
%@string{EUSIPCO="Proc. EUSIPCO"}
@string{EUSIPCO="Proc. European Signal Processing Conference~(EUSIPCO)"}
@string{IEEE_J_SPL="IEEE Signal Processing Letters"}
@string{ITASLP="{IEEE} Transactions on Audio, Speech, and Language Processing"}

@InBook{Horn_Mat_book,
  author = 	 "Roger Horn and Charles Johnson",
  title = 	  "{T}opics in {M}atrix {A}nalysis",
  chapter = "3",
  publisher = 	 {Cambridge University Press},
  year = 	 {1999}
}

@ARTICLE{Habets2009a,
  author = {Emanuel Habets and Sharon Gannot and Israel Cohen},
  title = {Late Reverberant Spectral Variance Estimation Based on a Statistical Model},
  journal = IEEE_J_SPL,
  year = {2009},
  volume = {16},
  pages = {770-774},
  number = {9},
  month = sep,
}    

@InCollection{Thompson_Submat_book,
  author = 	 {Robert Thompson},
  title = 	 "{P}rincipal {S}ubmatrices {IX}: {I}nterlacing {I}nequalities for {S}ingular {V}alues of {S}ubmatrices",
  booktitle = 	 {Linear Algebra and its Applications},
  pages = 	 {1--12},
  year = 	 {1972},
  volume = 	 {5}
}

@InBook{Naylor_Derev_book,
  editor = 	 "Patrick Naylor and Nikolay Gaubitch",
  title = 	 {Speech Dereverberation},
  publisher = 	 {Springer},
  year = 	 {2010}
}

@article{Arweiler_JASA_2011,
  author        = "Iris Arweiler and J{\"o}rg Buchholz",
  title         = "{The Influence of Spectral Characteristics of Early Reflections on Speech Intelligibility}",
  journal       = JASA,
  volume        = "130",
  number        = "2",
  month         = aug,
  year          = "2011",
  pages         = "996--1005"
}

@inproceedings{Kodrasi_ICASSP_2012,
  author        = "Ina Kodrasi and Simon Doclo",
title = "{Robust Partial Multichannel Equalization Techniques for Speech Dereverberation}",
  booktitle     = ICASSP,
  address       = "Kyoto, Japan",
  month         = mar,
  year          = "2012",
pages  = "537--540"
}



@Manual{PESQ,
  title = 	 "{Perceptual Evaluation of Speech Quality (PESQ), an Objective Method for End-to-end Speech Quality Assessment of Narrowband Telephone Networks and Speech Codecs P.862}",
  author = 	 "{ITU-T}",
  organization = "{International Telecommunications Union (ITU-T) Recommendation}",
  month = 	 feb,
  year = 	 2001
}


@article{Cho_ITSA_1999,
  author        = "Jun Cho and Dennis Morgan and Jacob Benesty",
  title         = "{An Objective Technique for Evaluating Doubletalk Detectors in Acoustic Echo Cancelers}",
  journal       = ITSAP,
  volume    = 7,
  number    = 6,
  month = nov,
  year      = 1999,
  pages     = {718--724},
}


@article{Harikumar_ITSP_1998,
  author        = "Gopal Harikumar and Yoram Bresler",
  title         = "{FIR Perfect Signal Reconstruction from Multiple Convolutions: Minimum Deconvolver Orders}",
  journal       = ITSP,
  volume    = {46},
  number    = {1},
  month = jan,
  year      = {1998},
  pages     = {215--218},
}

@article{Miyoshi_ITASS_1988,
  author        = "Masato Miyoshi and Yutaka Kaneda",
  title         = "Inverse {F}iltering of {R}oom {A}coustics",
  journal       = ITASSP,
  volume        = "36",
  number        = "2",
  month         = feb,
  year          = "1988",
  pages         = "145--152"
}

@article{Nagata_Wiley_2004,
  author = 	 {Yu Nagata and Yosuke Tatekura and Hiroshi Saruwatari and Kiyohiro Shikano},
  title = 	 {Iterative Inverse Filter Relaxation Algorithm for Adaptation to Acoustic Fluctuation in Sound Reproduction System},
  journal = 	 {Electronics and Communications in Japan},
  volume        = "87",
  number        = "7",
  month         = jul,
  year          = "2004"
}

@article{Hikichi_EURASIP_2007,
  author        = "Takafumi Hikichi and Marc Delcroix and Masato Miyoshi",
  title         = "{Inverse Filtering for Speech Dereverberation Less Sensitive to Noise and Room Transfer Function Fluctuations}",
  journal       = "{EURASIP Journal on Advances in Signal Processing}",
  volume        = "2007",
  year          = "2007"
}

@article{Radlovic_ITSA_2000,
  author        = "Biljana  Radlovic and Robert Williamson and Rodney Kennedy",
  title         = "{E}qualization in an {A}coustic {R}everberant {E}nvironment: {R}obustness {R}esults",
  journal       = ITSAP,
  volume        = "8",
  number        = "3",
  month         = May,
  year          = "2000",
  pages         = "311--319"
}

@inproceedings{Gaubitch_EUSIPCO_2004,
  author        = "Nikolay Gaubitch and Patrick Naylor and Darren Ward",
  title = "{Multi-microphone Speech Dereverberation Using Spatio-temporal Averaging}",
  booktitle     = EUSIPCO,
  address       = "Vienna, Austria",
  month         = sep,
  year          = "2004",
  pages         = "809--812"
}


@inproceedings{Habets_ICASSP_2005,
  author        = "Emanuel Habets",
  title = "{Multi-channel Speech Dereverberation Based on a Statistical Model of Late Reverberation}",
  booktitle     = ICASSP,
  address       = "Philadelphia, USA",
  month         = mar,
  year          = "2005",
  pages         = "173--176"
}


@inproceedings{Habets_ICASSP_2007,
  author        = "Emanuel Habets and Sharon Gannot",
title = "{Dual-microphone Speech Dereverberation Using a Reference Signal}",
  booktitle     = ICASSP,
  address       = "Honolulu, USA",
  month         = apr,
  year          = "2007",
  pages         = "901--904"
}


@inproceedings{Zhang_IWAENC_2010,
  author        = "Wancheng Zhang and Emanuel Habets and Patrick Naylor",
title = "{O}n the {U}se of {C}hannel {S}hortening in {M}ultichannel {A}coustic {S}ystem {E}qualization",
  booktitle     = IWAENC,
  address       = "Tel Aviv, Israel",
  month         = sep,
  year          = "2010",
}

@inproceedings{Wen_IWAENC_2006,
  author        = "Jimi Wen and Nikolay Gaubitch and Emanu{\"e}l  Habets and Tony Myatt and Patrick Naylor",
title = "Evaluation of Speech Dereverberation Algorithms Using the MARDY Database",
  booktitle     = IWAENC,
  address       = "Paris, France",
  month         = sep,
  year          = "2006",
}



@Book{Golub_Matrix_book,
author = 	 "{G. Golub and C. Van Loan}",
  title = 	 "Matrix Computations",
  publisher = 	 "The John Hopkins University Press",
  year = 	 {1996},
  address = 	 {Baltimore, Maryland},
  edition = 	 {3}
}

@inproceedings{Kallinger_ICASSP_2006,
  author        = "Markus Kallinger and Alfred Mertins",
title = "{Multi-channel Room Impulse Response Shaping - a Study}",
  booktitle     = ICASSP,
  address       = "Toulouse, France",
  month         = may,
  year          = "2006",
  pages         = "101--104"
}


@inproceedings{Hasan_EUSIPCO_2006,
  author        = "Kamrul Hasan and Patrick Naylor",
title = "{Analyzing Effect of Noise on LMS-type Approaches to Blind Estimation of SIMO Channels: Robustness Issue}",
  booktitle     = EUSIPCO,
  address       = "Florence, Italy",
  month         = sep,
  year          = "2006"
}

@article{Huber_ITASLP_2006,
  author        = "Rainer Huber and Birger Kollmeier",
  title         = "{PEMO-Q - A New Method for Objective Audio Quality Assessment Using a Model of Auditory Perception}",
  journal       = ITASLP,
  volume        = "14",
  number        = "4",
  month         = nov,
  year          = "2006",
  pages         = "1902--1911"
}

@inproceedings{Goetze_AES_2010,
  author = {S. Goetze and E. Albertin and J. Rennies and E. Habets and K.-D. Kammeyer},
  year = {2010},
  month = {Jun},
  title = {Speech Quality Assessment for Listening-Room Compensation},
  booktitle     = {Proc. AES 38th International Conference},
  pages = {11-20},
  address={Pitea, Sweden},
}