@InProceedings{Jones,
  author = 	 {C. D. Jones and A. B. Smith and E. F. Roberts},
  title =        {Article Title},
  booktitle =    {Proceedings Title},
  organization = {IEEE},
  year = 	 {2003},
  volume = 	 {II},
  pages = 	 {803-806}
}

@Article{Smith,
  author = 	 {A. B. Smith and C. D. Jones and E. F. Roberts},
  title = 	 {Article Title},
  journal = 	 {Journal},
  year = 	 {1920},
  volume = 	 {62},
  pages = 	 {291-294},
  month = 	 jan
}
