@string{ICASSP="Proc. ICASSP"}
@string{ICASSP="Proc. International Conference on Acoustics, Speech, and Signal Processing~(ICASSP)"}
@string{JASA="Journal of the Acoustical Society of America"}
@string{ITSAP="{IEEE} Transactions on Speech and Audio Processing"}
@string{ITSP="{IEEE} Transactions on Signal Processing"}
@string{IWAENC="Proc. IWAENC"}
@string{IWAENC="Proc. International Workshop on Acoustic Echo and Noise Control~(IWAENC)"}
@string{EUSIPCO="Proc. EUSIPCO"}
@string{EUSIPCO="Proc. European Signal Processing Conference~(EUSIPCO)"}
@string{IEEE_J_SPL="IEEE Signal Processing Letters"}
@string{ITASLP="{IEEE} Transactions on Audio, Speech, and Language Processing"}

@article{Hughes_2008,
author = {C. P. Hughes and A. Nikeghbali},
title = {The zeros of random polynomials cluster uniformly near the unit circle},
journal = {Compositio Mathematica},
volume = {144},
issue = {03},
month = may,
year = {2008},
pages = {734--746}
}

@inproceedings{Jan_ICASSP_96,
author={E.-E. Jan and J. Flanagan},
booktitle=ICASSP,
title={Sound capture from spatial volumes: matched-filter processing of microphone arrays having randomly-distributed sensors},
year={1996},
volume={2},
month = may,
pages={917-920},
address = "Georgia, USA"
}

@inproceedings{Falk_IWAENC_2008,
    author={T. Falk and W.-Y. Chan},
    booktitle = IWAENC,
    title={A non-intrusive quality measure of dereverberated speech},
    year=2008,
    month = sep,
    address = "Seattle, USA"
}

@inproceedings{Goetze_AES_2010,
  author = {S. Goetze and E. Albertin and J. Rennies and E. A. P. Habets and K.-D. Kammeyer},
  year = 2010,
  month = Jun,
  title = {Speech quality assessment for listening-room compensation},
  booktitle     = {Proc. 38th AES International Conference on Sound Quality Evaluation},
  pages = {11-20},
  address={Pitea, Sweden},
}

@Manual{PESQ,
  title = 	 "{Perceptual evaluation of speech quality (PESQ), an objective method for end-to-end speech quality assessment of narrowband telephone networks and speech codecs P.862}",
  author = 	 "{ITU-T}",
  organization = "{International Telecommunications Union (ITU-T) Recommendation}",
  month = 	 feb,
  year = 	 2001
}

@article{Kodrasi_ITASLP_2013,
  author    = {I. Kodrasi and S. Goetze and S. Doclo},
  title     = {Regularization for Partial Multichannel Equalization for Speech Dereverberation},
  journal   = ITASLP,
  volume    = {21},
  number    = {9},
  year      = {2013},
  pages     = {1879-1890},
month = sep
}

@article{Cho_ITSA_1999,
  author        = "J. Cho and D. Morgan and J. Benesty",
  title         = "{An objective technique for evaluating doubletalk detectors in acoustic echo cancelers}",
  journal       = ITSAP,
  volume    = 7,
  number    = 6,
  month = nov,
  year      = 1999,
  pages     = {718--724},
}

@article{Gerkmann_2012,
author={T. Gerkmann and R. C. Hendriks},
journal=ITASLP,
title="{Unbiased MMSE-based noise power estimation with low complexity and low tracking delay}",
year={2012},
month = may,
volume={20},
number={4},
pages={1383-1393}
}

@book{oppenheim_1996,
  title={Signals and Systems (2nd ed.)},
  author={A. V. Oppenheim and A. S. Willsky and S. H. Nawab},
  year=1996,
  publisher={Prentice Hall}
}


@inproceedings{Wen_IWAENC_2006,
  author        = "J. Wen and N. D. Gaubitch and E. A. P. Habets and T. Myatt and P. A. Naylor",
title = "{Evaluation of speech dereverberation algorithms using the MARDY database}",
  booktitle     = IWAENC,
  address       = "Paris, France",
  month         = sep,
  year          = "2006",
}


@article{Neely_1979,
    author = {S. T. Neely and J. B. Allen},
    journal = JASA,
    number = 1,
    pages = {165--169},
    title = {Invertibility of a room impulse response},
    volume = 66,
    month = jul,
    year = 1979
}

@article{Radlovic_2000,
    author = {B. D. Radlovic and R. A. Kennedy},
    journal = ITSAP,
    number = 6,
    pages = {728--737},
    title = {Nonminimum-Phase Equalization and Its Subjective Importance in Room Acoustics},
    volume = 8,
    month = nov,
    year = 2000
}


@inproceedings{Mourjopoulos_1982,
    author={J. Mourjopoulos and P. Clarkson and J. Hammond},
    booktitle = ICASSP,
    title={A comparative study of least-squares and homomorphic techniques for the inversion of mixed phase signals},
    year=1982,
    volume=7,
    month = may,
    pages={1858-1861},
    address = "Paris, France"
}

@inproceedings{Breithaupt_2008,
author={C. Breithaupt and T. Gerkmann and R. Martin},
booktitle=ICASSP,
title="{A novel a priori SNR estimation approach based on selective cepstro-temporal smoothing}",
year={2008},
pages={4897-4900},
month = apr,
address = "Las Vegas, USA"
}


@article{Miyoshi_ITASS_1988,
  author        = "M. Miyoshi and Y. Kaneda",
  title         = "Inverse filtering of room acoustics",
  journal       = ITASSP,
  volume        = "36",
  number        = "2",
  month         = feb,
  year          = "1988",
  pages         = "145--152"
}

@article{Radlovic_ITSA_2000,
  author        = "B. D. Radlovic and R. C. Williamson and R. A. Kennedy",
  title         = "{Equalization in an acoustic reverberant environment: robustness results}",
  journal       = ITSAP,
  volume        = "8",
  number        = "3",
  month         = May,
  year          = "2000",
  pages         = "311--319"
}

@inproceedings{Maas_ICASSP_2012,
  author        = "R. Maas and E. A. P. Habets and A. Sehr and W. Kellermann",
title = "{On the application of reverberation suppression to robust speech recognition}",
  booktitle     = ICASSP,
  pages = "297--300",
  address       = "Kyoto, Japan",
  month         = mar,
  year          = 2012
}

@article{Jeub_ITASP_2010,
 author={M. Jeub and M. Schafer and T. Esch and P. Vary},
 journal=ITASLP, 
 title={Model-Based Dereverberation Preserving Binaural Cues},
 year={2010},
 month=sep,
 volume={18},
 number={7},
 pages={1732--1745}
}

@inproceedings{Hasan_EUSIPCO_2006,
  author        = "K. Hasan and P. A. Naylor",
title = "{Analyzing effect of noise on LMS-type approaches to blind estimation of SIMO channels: robustness issue}",
  booktitle     = EUSIPCO,
  address       = "Florence, Italy",
  month         = sep,
  year          = "2006"
}


@inproceedings{Naylor_IWAENC_2005,
  author        = "P. A. Naylor and N. D. Gaubitch",
title = "{Speech dereverberation}",
  booktitle     = IWAENC,
  address       = "Eindhoven, The Netherlands",
  month         = sep,
  year          = "2005"
}


@article{Huang_ITSP_2003,
  author        = "Y. Huang and J. Benesty",
  title         = "A Class of Frequency-Domain Adaptive Approaches to Blind Multichannel Identification",
  journal       = ITSP,
  volume    = {51},
  number    = {1},
  month = jan,
  year      = {2003},
  pages     = {11--24},
}

@article{Hikichi_EURASIP_2007,
  author        = "T. Hikichi and M. Delcroix and M. Miyoshi",
  title         = "{Inverse filtering for speech dereverberation less sensitive to noise and room transfer function fluctuations}",
  journal       = "{EURASIP Journal on Advances in Signal Processing}",
  volume        = "2007",
  year          = "2007"
}

@Book{Kuttruff_2000,
  author = 	 {H. Kuttruff},
  title = 	 {Room Acoustics (4th ed.)},
  publisher = 	 {Taylor  Francis},
  year = 	 {2000}
}

@ARTICLE{Kinoshita_ITASLP_2009,
author={K. Kinoshita and M. Delcroix and T. Nakatani and M. Miyoshi},
  journal   = ITASLP,
title={Suppression of Late Reverberation Effect on Speech Signal Using Long-Term Multiple-step Linear Prediction},
year={2009},
month={May},
volume={17},
number={4},
pages={534--545}
}
