@string{ICASSP="Proc. ICASSP"}
@string{ICASSP="Proc. International Conference on Acoustics, Speech, and Signal Processing"}
@string{JASA="Journal of the Acoustical Society of America"}
@string{ITSAP="{IEEE} Transactions on Speech and Audio Processing"}
@string{ITSP="{IEEE} Transactions on Signal Processing"}
@string{ITASSP="{IEEE} Transactions on Acoustics, Speech, and Signal Processing"}
%@string{IWAENC="Proc. IWAENC"}
@string{IWAENC="Proc. International Workshop on Acoustic Echo and Noise Control"}
%@string{EUSIPCO="Proc. EUSIPCO"}
@string{EUSIPCO="Proc. European Signal Processing Conference"}
@string{IEEE_J_SPL="IEEE Signal Processing Letters"}
@string{ITASLP="{IEEE} Transactions on Audio, Speech, and Language Processing"}



@ARTICLE{Jungmann_ITASLP_2012,
author={J. O. Jungmann and R. Mazur and M. Kallinger and M. Tiemin and A. Mertins},
journal=ITASLP,
title="Combined Acoustic {MIMO} Channel Crosstalk Cancellation and Room Impulse Response Reshaping",
year={2012},
month=aug,
volume={20},
number={6},
pages={1829--1842}
}

@InCollection{Thompson_Submat_book,
  author = 	 {Robert Thompson},
  title = 	 "{P}rincipal {S}ubmatrices {IX}: {I}nterlacing {I}nequalities for {S}ingular {V}alues of {S}ubmatrices",
  booktitle = 	 {Linear Algebra and its Applications},
  pages = 	 {1--12},
  year = 	 {1972},
  volume = 	 {5}
}

@INPROCEEDINGS{hadad_IWAENC_2014, 
author={E. Hadad and F. Heese and P. Vary and S. Gannot}, 
booktitle=IWAENC, 
title={Multichannel audio database in various acoustic environments}, 
year={2014}, 
month=sep,
address = {Antibes, France},
pages={313--317}
}

@INPROCEEDINGS{Doclo_IWAENC_2001, 
author={S. Doclo and M. Moonen}, 
booktitle=IWAENC, 
title={Combined frequency-domain dereverberation and noise reduction technique for multi-microphone speech enhancement}, 
year={2001}, 
month=sep,
address = {Darmstadt, Germany},
pages={31--34}
}

@article{Houtgast_1985,
    author = {Tammo Houtgast and Herman J. M. Steeneken},
    journal = JASA,
    number = 3,
    pages = {1069--1077},
    title = {{A review of the MTF concept in room acoustics and its use for estimating speech intelligibility in auditoria}},
    volume = 77,
	  month = mar,
    year = 1985
}


@article{Miyoshi_ITASS_1988,
  author        = "Masato Miyoshi and Yutaka Kaneda",
  title         = "Inverse filtering of room acoustics",
  journal       = ITASSP,
  volume        = "36",
  number        = "2",
  month         = feb,
  year          = "1988",
  pages         = "145--152"
}

@article{Kodrasi_ITASLP_2013,
  author    = {I. Kodrasi and S. Goetze and S. Doclo},
  title     = {Regularization for Partial Multichannel Equalization for Speech Dereverberation},
  journal   = ITASLP,
  volume    = {21},
  number    = {9},
  year      = {2013},
  pages     = {1879-1890},
month = sep
}

@article{Kodrasi_ITASLP_2015,
  author    = {I. Kodrasi and S. Doclo},
  title     = {Joint Dereverberation and Noise Reduction Based on Acoustic Multi-channel Equalization},
  journal   = ITASLP,
  year      = {2015},
  note     = {submitted}
}



@Article{Belge_SPIE_1998,
  author = 	 {M. Belge and M. Kilmer and E. L. Miller},
  title = 	 "{Simultaneous multiple regularization parameter selection by means of the L-hypersurface with applications to linear inverse problems posed in the wavelet transform domain}",
  journal = 	 "{SPIE 3459, Bayesian Inference for Inverse Problems}",
  year = 	 {1998},
  volume = 	 {328},
  month = 	 sep
}




@Article{Belge_IP_2002,
  author = 	 {M. Belge and M. Kilmer and E. L. Miller},
  title = 	 "{Efficient determination of multiple regularization parameters in a generalized L-curve framework}",
  journal = 	 {Inverse Problems},
  year = 	 {2002},
 month = jul,
  volume = 	 {18},
  pages = 	 {1161--1183}
}

@Book{Carmo_book_1976,
  author = 	 {M. P. Do Carmo},
  title = 	 {Differential Geometry of Curves and Surfaces},
publisher = {Prentice Hall},
address = {New Jersey, USA},
  year = 	 {1976}
}

@article{Hansen_1993,
 author = {Per Christian Hansen and Dianne Prost O'Leary},
 title = "{The use of the L-curve in the regularization of discrete ill-posed problems}",
 journal = {SIAM Journal on Scientific Computing},
 volume = {14},
 number = {6},
 month = nov,
 year = {1993},
 pages = {1487--1503},
 publisher = {Society for Industrial and Applied Mathematics},
 address = {Philadelphia, PA, USA}
} 


@Book{Golub_Matrix_book,
author = 	 "{G. Golub and C. Van Loan}",
  title = 	 "Matrix Computations",
  publisher = 	 "The John Hopkins University Press",
  year = 	 {1996},
  address = 	 {Baltimore, USA}
}

@article{Harikumar_ITSP_1998,
  author        = "Gopal Harikumar and Yoram Bresler",
  title         = "{FIR perfect signal reconstruction from multiple convolutions: minimum deconvolver orders}",
  journal       = ITSP,
  volume    = {46},
  number    = {1},
  month = jan,
  year      = {1998},
  pages     = {215--218},
}

@article{Omologo_1998,
 author = {M. Omologo and P. Svaizer and M. Matassoni},
 title = {Environmental conditions and acoustic transduction in hands-free speech recognition},
 journal = {Speech Communication},
 volume = {25},
 number = {1--3},
 month = aug,
 year = {1998},
 pages = {75--95}
}


@InBook{Horn_Mat_book,
  author = 	 "Roger Horn and Charles Johnson",
  title = 	  "{T}opics in {M}atrix {A}nalysis",
  chapter = "3",
  publisher = 	 {Cambridge University Press},
  year = 	 {1999}
}



@Article{Lebart_ACUSTICA_2001,
  author = 	 {K. Lebart and J. M. Boucher},
  title = 	 {A new method based on spectral subtraction for speech dereverberation},
  journal = 	 {Acta Acoustica},
  year = 	 {2001},
  volume = 	 {87},
  number = 	 {3},
  pages = 	 {359--366},
  month = 	 {May-Jun.}
}

@Book{benesty_book_2009,
  author = 	 {J. Benesty and J. Chen and Y. Huang and I. Cohen},
  title = 	 {Noise Reduction in Speech Processing},
  publisher = 	 {Springer},
  year = 	 {2009}
}

@article{Cho_ITSA_1999,
  author        = "Jun Cho and Dennis Morgan and Jacob Benesty",
  title         = "{An objective technique for evaluating doubletalk detectors in acoustic echo cancelers}",
  journal       = ITSAP,
  volume    = 7,
  number    = 6,
  month = nov,
  year      = 1999,
  pages     = {718--724},
}

@INPROCEEDINGS{Farina_2000,
    author = {A. Farina},
    title = {Simultaneous measurement of impulse response and distortion with a swept-sine technique},
    booktitle = {Proc. 108th AES Convention},
    year = {2000},
    month = feb,
    address       = "Paris, France",
    pages = {18--22}
}

@article{Radlovic_ITSA_2000,
  author        = "Biljana D. Radlovic and Robert C. Williamson and Rodney A. Kennedy",
  title         = "{Equalization in an acoustic reverberant environment: robustness results}",
  journal       = ITSAP,
  volume        = "8",
  number        = "3",
  month         = May,
  year          = "2000",
  pages         = "311--319"
}


@INPROCEEDINGS{Jungmann_ICASSP_2013,
author={J. O. Jungmann and R. Mazur and A. Mertins},
booktitle=ICASSP,
title={Perturbation of room impulse responses and its application in robust listening room compensation},
year=2013,
month=may,
address  = "Vancouver, Canada",
pages={433--437},
}

@Manual{PESQ,
  title = 	 "{Perceptual evaluation of speech quality (PESQ), an objective method for end-to-end speech quality assessment of narrowband telephone networks and speech codecs P.862}",
  author = 	 "{ITU-T}",
  organization = "{International Telecommunications Union (ITU-T) Recommendation}",
  month = 	 feb,
  year = 	 2001
}

@article{Castellanos_2002,
 author = {J. Longina Castellanos and Susana G\'{o}mez and Valia Guerra},
 title = "{The triangle method for finding the corner of the L-curve}",
 journal = {Applied Numerical Mathematics},
 volume = 43,
 number = 4,
 month = dec,
 year = 2002,
 pages = {359--373},
 publisher = {Elsevier Science Publishers B. V.},
 address = {Amsterdam, The Netherlands, The Netherlands}
} 


@article{Huang_ITSP_2003,
  author        = "Yiteng Huang and Jacob Benesty",
  title         = "{A Class of Frequency-Domain Adaptive Approaches to Blind Multichannel Identification}",
  journal       = ITSP,
  volume    = {51},
  number    = {1},
  month = jan,
  year      = {2003},
  pages     = {11--24},
}


@article{Nagata_Wiley_2004,
  author = 	 {Yu Nagata and Yosuke Tatekura and Hiroshi Saruwatari and Kiyohiro Shikano},
  title = 	 {Iterative Inverse Filter Relaxation Algorithm for Adaptation to Acoustic Fluctuation in Sound Reproduction System},
  journal = 	 {Electronics and Communications in Japan},
  volume        = "87",
  number        = "7",
  month         = jul,
  year          = "2004"
}


@inproceedings{Gaubitch_EUSIPCO_2004,
  author        = "Nikolay D. Gaubitch and Patrick A. Naylor and Darren B. Ward",
  title = "{Multi-microphone Speech Dereverberation Using Spatio-temporal Averaging}",
  booktitle     = EUSIPCO,
  address       = "Vienna, Austria",
  month         = sep,
  year          = "2004",
  pages         = "809--812"
}

@inproceedings{Habets_ICASSP_2005,
  author        = "Emanu{\"e}l A. P. Habets",
  title = "{Multi-channel speech dereverberation based on a statistical model of late reverberation}",
  booktitle     = ICASSP,
  address       = "Philadelphia, USA",
  month         = mar,
  year          = "2005",
  pages         = "173--176"
}

@ARTICLE{Martin_ITSP_2005,
author={R. K. Martin and K. Vanbleu and Ming Ding and G. Ysebaert and M. Milosevic and B. L. Evans and M. Moonen and C. R. Johnson},
journal={IEEE Transactions on Signal Processing}, 
title={Unification and evaluation of equalization structures and design algorithms for discrete multitone modulation systems},
year={2005},
month=oct,
volume={53},
number={10},
pages={3880--3894}
}




@inproceedings{Kallinger_ICASSP_2006,
  author        = "Markus Kallinger and Alfred Mertins",
title = "{Multi-channel room impulse response shaping - a study}",
  booktitle     = ICASSP,
  address       = "Toulouse, France",
  month         = may,
  year          = "2006",
  pages         = "101--104"
}



@article{Beutelmann_2006,
    author = {Rainer Beutelmann and Thomas Brand},
    journal = JASA,
    number = {1},
    pages = {331--342},
    title = {{Prediction of speech intelligibility in spatial noise and reverberation for normal-hearing and hearing-impaired listeners}},
    volume = {120},
	  month = jul,
    year = {2006}
}



@inproceedings{Hasan_EUSIPCO_2006,
  author        = "Kamrul Hasan and Patrick A. Naylor",
title = "{Analyzing effect of noise on LMS-type approaches to blind estimation of SIMO channels: robustness issue}",
  booktitle     = EUSIPCO,
  address       = "Florence, Italy",
  month         = sep,
  year          = "2006"
}


@inproceedings{Wen_IWAENC_2006,
  author        = "Jimi Wen and Nikolay D. Gaubitch and Emanu{\"e}l A. P. Habets and Tony Myatt and Patrick A. Naylor",
title = "Evaluation of Speech Dereverberation Algorithms Using the MARDY Database",
  booktitle     = IWAENC,
  address       = "Paris, France",
  month         = sep,
  year          = "2006",
}



@Article{Nilsson_JASA_1994,
  author = 	 {M. Nilsson and S. D. Soli and A. Sullivan},
  title = 	 "{Development of the Hearing in Noise Test for the measurement of speech reception thresholds in quiet and in noise}",
  journal = 	 JASA,
  year = 	 {1994},
number = {2},
  volume = 	 {95},
  pages = 	 {1085--1099},
  month = 	 feb
}

@article{Huber_ITASLP_2006,
  author        = "Rainer Huber and Birger Kollmeier",
  title         = "{PEMO-Q - A New Method for Objective Audio Quality Assessment Using a Model of Auditory Perception}",
  journal       = ITASLP,
  volume        = "14",
  number        = "4",
  month         = nov,
  year          = "2006",
  pages         = "1902--1911"
}

@ARTICLE{Capon_IEEE_1969,
author={J. Capon},
journal={Proc. of the IEEE},
title={High-resolution frequency-wavenumber spectrum analysis},
year={1969},
month=aug,
volume={57},
number={8},
pages={1408--1418}
}




@ARTICLE{Habets_ITASLP_2010,
author={E. A. P. Habets and J. Benesty and I. Cohen and S. Gannot and J. Dmochowski},
journal=ITASLP,
title="New Insights Into the {MVDR} Beamformer in Room Acoustics",
year={2010},
month=jan,
volume={18},
number={1},
pages={158--170}
}

@ARTICLE{Gaubitch_ITASLP_2009,
author={N. D. Gaubitch and P. A. Naylor},
journal=ITASLP,
title={Equalization of Multichannel Acoustic Systems in Oversampled Subbands},
year={2009},
month=aug,
volume={17},
number={6},
pages={1061--1070}
}

@article{Gaubitch_JASA_2006,
  author        = "Nikolay D. Gaubitch and Darren B. Ward and Patrick A. Naylor",
  title         = "{Statistical analysis of the autoregressive modeling of reverberant speech}",
  journal       = JASA,
  volume        = "120",
  number        = "6",
  month         = dec,
  year          = "2006",
  pages         = "4031--4039"
}



@ARTICLE{Delcroix_2007,
author={M. Delcroix and T. Hikichi and M. Miyoshi},
journal=ITASLP, 
title={Precise Dereverberation Using Multichannel Linear Prediction},
year={2007},
month=feb,
volume={15},
number={2},
pages="430--440"
}

@inproceedings{Habets_ICASSP_2007,
  author        = "Emanu{\"e}l A. P. Habets and Sharon Gannot",
title = "{Dual-microphone speech dereverberation using a reference signal}",
  booktitle     = ICASSP,
  address       = "Honolulu, USA",
  month         = apr,
  year          = "2007",
  pages         = "901--904"
}

@book{Sternberg_book_2012,
  title={Curvature in Mathematics and Physics},
  author={S. Sternberg},
  year={2012},
  address = {USA},
  publisher={Dover Pubications}
}

@article{Hikichi_EURASIP_2007,
  author        = "Takafumi Hikichi and Marc Delcroix and Masato Miyoshi",
  title         = "{Inverse filtering for speech dereverberation less sensitive to noise and room transfer function fluctuations}",
  journal       = "{EURASIP Journal on Advances in Signal Processing}",
  volume        = "2007",
  year          = "2007"
}


@ARTICLE{Habets_ITASLP_2008,
author={Emanu{\"e}l A. P. Habets and Sharon Gannot and Israel Cohen and Piet C. W. Sommen},
journal=ITASLP,
title={Joint Dereverberation and Residual Echo Suppression of Speech Signals in Noisy Environments},
year=2008,
month=nov,
volume=16,
number=8,
pages={1433--1451}
}

@ARTICLE{Habets2009a,
  author = {Emanu{\"e}l A. P. Habets and Sharon Gannot and Israel Cohen},
  title = {Late Reverberant Spectral Variance Estimation Based on a Statistical Model},
  journal = IEEE_J_SPL,
  year = {2009},
  volume = {16},
  pages = {770-774},
  number = {9},
  month = sep,
}    


@ARTICLE{Kinoshita_ITASLP_2010,
author={K. Kinoshita and M. Delcroix and T. Nakatani and M. Miyoshi},
journal=ITASLP, 
title={Suppression of Late Reverberation Effect on Speech Signal Using Long-Term Multiple-step Linear Prediction},
year=2009,
month=may,
volume={17},
number={4},
pages={534--545}
}

@PhdThesis{Sehr_phd,
  author =       {A. Sehr},
  title =        {Reverberation Modeling for Robust Distant-Talking Speech Recognition},
  school =       {Friedrich-Alexander-Universit{\"a}t Erlangen-N{\"u}renberg},
  year =         {2009},
  address = {Erlangen},
  month =     oct
}

@ARTICLE{Hu_ITASLP_2008, 
author={Y. Hu and P. C. Loizou}, 
journal=ITASLP, 
title={Evaluation of Objective Quality Measures for Speech Enhancement}, 
year={2008}, 
month=jan, 
volume={16}, 
number={1}, 
pages={229--238}
}

@inproceedings{Goetze_AES_2010,
  author = {S. Goetze and E. Albertin and J. Rennies and Emanu{\"e}l A. P. Habets and K.-D. Kammeyer},
  year = {2010},
  month = Jun,
  title = {Speech quality assessment for listening-room compensation},
  booktitle     = {Proc. 38th AES International Conference on Sound Quality Evaluation},
  pages = {11-20},
  address={Pitea, Sweden},
}


@ARTICLE{Nakatani_ITASLP_2010,
author={T. Nakatani and T. Yoshioka and K. Kinoshita and M. Miyoshi and J. Biing-Hwang},
journal=ITASLP, 
title={Speech Dereverberation Based on Variance-Normalized Delayed Linear Prediction},
year={2010},
month=sep,
volume={18},
number={7},
pages={1717--1731}
}



@inproceedings{Sehr_IWAENC_2010,
  author        = "A. Sehr and E. A. P. Habets and R. Maas and W. Kellermann",
title = "Towards a better understanding of the effect of reverberation on speech recognition performance",
  booktitle     = IWAENC,
  address       = "Tel Aviv, Israel",
  month         = sep,
  year          = "2010",
}

@INPROCEEDINGS{Jukic_ICASSP_2014,
author={A. Juki\'c and S. Doclo},
booktitle=ICASSP,
title="{Speech dereverberation using weighted prediction error with Laplacian model of the desired signal}",
year={2014},
address = "Florence, Italy",
month=may,
pages={5172--5176}
}

@INPROCEEDINGS{Jukic_IWAENC_2014,
author={A. Juki\'c and T. van Waterschoot and T. Gerkmann and S. Doclo},
booktitle=IWAENC,
title="{Speech dereverberation with convolutive transfer function approximation using MAP and variational deconvolution approaches}",
address = "Antibes, France",
year=2014,
month=sep,
pages={50--54}
}

@ARTICLE{Schwartz_ITASLP_2015,
author={B. Schwartz and S. Gannot and E. A. P. Habets},
journal={IEEE/ACM Transactions on Audio, Speech, and Language Processing},
title="{Online speech dereverberation using Kalman filter and EM algorithm}",
year={2015},
month=feb,
volume={23},
number={2},
pages={394--406}
}

@INPROCEEDINGS{Thomas_WASPAA_2011,
author={M. R. P. Thomas and N. D. Gaubitch and P. A. Naylor},
booktitle={IEEE Workshop on Applications of Signal Processing to Audio and Acoustics},
title={Application of channel shortening to acoustic channel equalization in the presence of noise and estimation error},
year={2011},
month={Oct},
address = "New Paltz, New York",
pages={113--116},
}

@ARTICLE{Habets_ITASLP_2013,
author={E. A. P. Habets and J. Benesty},
journal=ITASLP,
title={A Two-Stage Beamforming Approach for Noise Reduction and Dereverberation},
year={2013},
month=may,
volume={21},
number={5},
pages={945--958}
}

@ARTICLE{Togami_ITASLP_2013,
author={M. Togami and Y. Kawaguchi and R. Takeda and Y. Obuchi and N. Nukaga},
journal=ITASLP,
title={Optimized Speech Dereverberation From Probabilistic Perspective for Time Varying Acoustic Transfer Function},
year={2013},
month=jul,
volume={21},
number={7},
pages={1369--1380}
}

@ARTICLE{Yoshioka_ITASLP_2011,
author={T. Yoshioka and T Nakatani and M. Miyoshi and H. G. Okuno},
journal=ITASLP,
title={Blind Separation and Dereverberation of Speech Mixtures by Joint Optimization},
year={2011},
month=jan,
volume={19},
number={1},
pages={69--84}
}

@ARTICLE{Jeub_ITASP_2010,
 author={M. Jeub and M. Schafer and T. Esch and P. Vary},
 journal=ITASLP, 
 title={Model-Based Dereverberation Preserving Binaural Cues},
 year={2010},
 month=sep,
 volume={18},
 number={7},
 pages={1732--1745}
}

@INPROCEEDINGS{Kuklasinski_EUSIPCO_2014,
author={A. Kuklasi\'nski and S. Doclo and S. H. Jensen and J. Jensen},
booktitle=EUSIPCO,
title={Maximum likelihood based multi-channel isotropic reverberation reduction for hearing aids},
year={2014},
month=sep,
address = "Lisbon, Portugal",
pages={61--65}
}

@ARTICLE{Mertins_ITASLP_2010,
  author = {Alfred Mertins and Tiemin Mei and Markus Kallinger},
  title = {Room Impulse Response Shortening/Reshaping with Infinity- and $p$-Norm Optimization},
  journal = ITASLP,
  volume = {18},
  pages = {249--259},
  number = {2},
  month = feb,
  year = {2010}
}


@Article{Zhang_HINDAWI_2008,
  author = 	 {W. Zhang and P. A. Naylor},
  title = 	 {An Algorithm to Generate Representations of System Identification Errors},
  journal = 	 {Research Letters in Signal Processing},
  year = 	 {2008},
  volume = 	 {2008},
  month = 	 jan
}

@ARTICLE{Habets2008,
  author = {E. A. P. Habets and I. Cohen and S. Gannot},
  title = {Generating nonstationary multisensor signals under a spatial coherence constraint},
  journal = {Journal of the Acoustical Society of America},
  year = {2008},
  volume = {124},
  pages = {2911--2917},
  number = {5},
  month = nov
}

@inproceedings{Zhang_IWAENC_2010,
  author        = "Wancheng Zhang and Emanu{\"e}l A. P. Habets and Patrick A. Naylor",
title = "{On the use of channel shortening in multichannel acoustic system equalization}",
  booktitle     = IWAENC,
  address       = "Tel Aviv, Israel",
  month         = sep,
  year          = "2010",
}

@article{Lim_ITASLP_2014,
title = {Robust Multichannel Dereverberation using Relaxed Multichannel Least Squares},
author = {F. Lim and W. Zhang and E. A. P. Habets and P. A. Naylor},
year = {2014},
month = jun,
journal={IEEE/ACM Transactions on Audio, Speech, and Language Processing},
volume = {22},
number = {9},
pages = {1379-1390}
}

@INPROCEEDINGS{Ito_ICASSP_2014,
author={N. Ito and S. Araki and T. Nakatani},
booktitle=ICASSP,
title={Probabilistic integration of diffuse noise suppression and dereverberation},
year={2014},
address = "Florence, Italy",
month=May,
pages={5167--5171}
}

@ARTICLE{Yoshioka_ITASLP_2009,
author={T. Yoshioka and T. Nakatani and M. Miyoshi},
journal=ITASLP,
title={Integrated Speech Enhancement Method Using Noise Suppression and Dereverberation},
year={2009},
month=feb,
volume={17},
number={2},
pages={231--246}
}

@book{Naylor_Derev_book,
 author = {Patrick A Naylor and Nikolay D. Gaubitch},
 title = {Speech Dereverberation},
 year = {2010},
 publisher = {Springer},
address = {London, UK}
} 

@book{Kay_book,
 author = {S. M. Kay},
 title = {Fundamentals of statistical signal processing: estimation theory},
 year = {1993},
 publisher = {Prentice Hall},
address = {New Jersey, USA}
} 

@INPROCEEDINGS{Lim_IWAENC_2014,
author={Lim, F. and Naylor, P.A.},
booktitle=IWAENC,
title={Statistical modelling of multichannel blind system identification errors},
year={2014},
month=sep,
address = "Antibes, France",
pages={119--123}
}

@ARTICLE{Haque_SPL_2008,
author={M. A. Haque and T. Hasan},
journal=IEEE_J_SPL,
title="Noise Robust Multichannel Frequency-Domain {LMS} Algorithms for Blind Channel Identification",
year={2008},
month=feb,
volume={15},
pages={305--308}
}

@ARTICLE{Haque_ITASLP_2011,
author={M. A. Haque and T. Islam and M. K. Hasan},
journal=ITASLP, 
title={Robust Speech Dereverberation Based on Blind Adaptive Estimation of Acoustic Channels},
year={2011},
month=may,
volume={19},
number={4},
pages={775--787}
}

@INPROCEEDINGS{Kodrasi_IWAENC_2014,
author={I. Kodrasi and S. Doclo},
booktitle=IWAENC,
title={Joint dereverberation and noise reduction based on acoustic multichannel equalization},
year={2014},
address = {Antibes, France},
month=sep,
pages={139--143}
}

@Article{Warzybok_JASA_2012,
  author = 	 {Anja Warzybok and Jan Rennies and Thomas Brand and Simon Doclo and Birger Kollmeier},
  title = 	 {Effects of spatial and temporal integration of a single early reflection on speech intelligibility},
  journal = 	 {Journal of the Acoustical Society of America},
  year = 	 {2013},
month = jan,
pages = {269--282},
volume = {133},
number = {1}
}

@inproceedings{Warzybok_Acusticum_2011,
  author        = "Anja Warzybok and Jan Rennies and Simon Doclo and Birger Kollmeier",
title = "{Influence of early reflections on speech intelligibility under different noise conditions}",
  booktitle     = "{Proc. Forum Acusticum}",
  address       = "Aalborg, Denmark",
  month         = jun,
  year          = "2011",
pages = "1149--1154"
}


@article{Arweiler_JASA_2011,
  author        = "Iris Arweiler and J{\"o}rg M. Buchholz",
  title         = "{The influence of spectral characteristics of early reflections on speech intelligibility}",
  journal       = JASA,
  volume        = "130",
  number        = "2",
  month         = aug,
  year          = "2011",
  pages         = "996--1005"
}


@ARTICLE{Hacihabibouglu_ITASLP_2012,
author={H. Hacihabibouglu and Z. Cvetkovic},
journal=ITASLP, 
title={Multichannel Dereverberation Theorems and Robustness Issues},
year={2012},
month=feb,
volume={20},
number={2},
pages={676--689}
}


@inproceedings{Kodrasi_ICASSP_2012,
  author        = "Ina Kodrasi and Simon Doclo",
title = "{Robust partial multichannel equalization techniques for speech dereverberation}",
  booktitle     = ICASSP,
  address       = "Kyoto, Japan",
  month         = mar,
  year          = "2012",
pages = "537--540"
}

@inproceedings{Maas_ICASSP_2012,
  author        = "R. Maas and E. A. P. Habets and A. Sehr and W. Kellermann",
title = "{On the application of reverberation suppression to robust speech recognition}",
  booktitle     = ICASSP,
  pages = "297--300",
  address       = "Kyoto, Japan",
  month         = mar,
  year          = 2012
}

@INPROCEEDINGS{Habets_SPIT_2006,
author={E. A. P. Habets and S. Gannot and I. Cohen},
booktitle={IEEE International Symposium on Signal Processing and Information Technology},
title={Dual-Microphone Speech Dereverberation in a Noisy Environment},
year={2006},
month=aug,
pages={651--655}
}


@ARTICLE{OSchwartz_ITASLP_2015,
author={O. Schwartz and S. Gannot and E. A. P. Habets},
journal={IEEE/ACM Transactions on Audio, Speech, and Language Processing},
title={Multi-Microphone Speech Dereverberation and Noise Reduction Using Relative Early Transfer Functions},
year={2015},
month={Feb},
volume={23},
number={2},
pages={240--251}
}

@InCollection{Simmer_book_2001,
  author = 	 {K. U. Simmer and J. Bitzer and C. Marro},
  title = 	 {Post-filtering techniques},
  booktitle = 	 {Microphone Arrays},
  publisher = {Springer},
  year = 	 {2001},
  address = {Berlin, Germany},
  editor = 	 {M. Brandstein and D. Ward}
}

@INPROCEEDINGS{Braun_EUSIPCO_2013,
author={S. Braun and E. A. P. Habets},
booktitle=EUSIPCO,
title={Dereverberation in noisy environments using reference signals and a maximum likelihood estimator},
address = "Marrakech, Morocco",
year={2013},
month=sep
}

@InProceedings{Cauchi_Reverb_2014,
  author = 	 {B. Cauchi and I. Kodrasi and R. Rehr and S. Gerlach and A. Juki\'c and T. Gerkmann and S. Doclo and S. Goetze},
  title = 	 {Joint dereverberation and noise reduction using beamforming and a single-channel speech enhancement scheme},
  booktitle = {Proc. Reverb Challenge Workshop},
  year = 	 {2014},
  month = 	 may,
  address = 	 {Florence, Italy}
}

@InCollection{Doclo_Chap_2010,
  author = 	 {S. Doclo and S. Gannot and M. Moonen and A. Spriet},
  title = 	 {Acoustic beamforming for hearing aid applications},
  booktitle = 	 {Handbook on Array Processing and Sensor Networks},
  publisher = {Wiley},
  year = 	 2010,
  editor = 	 {S. Haykin and K. J. R. Liu},
  address = 	 {USA}
}


@article{Schroeder_JASA_1987,
		title = {Statistical Parameters of the Frequency Response Curves of Large Rooms},
		author = {M. R. Schroeder},
		journal = JASA,
		volume = {35},
		number = {5},
		month = may,
		pages = {299--306},
		year = {1987}
		}


@PhdThesis{Polack_PhD,
  author = 	 {J. D. Polack},
  title = 	 {La transmission de l'energie sonore dans les salles},
  school = 	 {Universit\'e du Maine},
  year = 	 {1988},
  address = 	 {Le Mans, France},
  month =     dec
}

@ARTICLE{Rashobh_ITASLP_2014,
author={R. S. Rashobh and A. W. H. Khong and D. Liu},
journal={IEEE/ACM Transactions on Audio, Speech, and Language Processing},
title="Multichannel Equalization in the {KLT} and Frequency Domains With Application to Speech Dereverberation",
year={2014},
month=mar,
volume={22},
number={3},
pages={634--646}
}

@ARTICLE{Doclo_SPM_2015,
author={S. Doclo and W. Kellermann and S. Makino and S. E. Nordholm},
journal={IEEE Signal Processing Magazine},
title={Multichannel signal enhancement algorithms for assisted listening devices: Exploiting spatial diversity using multiple microphones},
year={2015},
month=mar,
volume={32},
number={2},
pages={18--30}
}

@ARTICLE{Lin_ITASLP_2012,
author={Lin Xiang and A. W. H Khong and P. A. Naylor},
journal=ITASLP, 
title={A Forced Spectral Diversity Algorithm for Speech Dereverberation in the Presence of Near-Common Zeros},
year=2012,
month=mar,
volume=20,
number=3,
pages={888--899}
}


@article{Doclo_SC_2007,
 author = {S. Doclo and A. Spriet and J. Wouters and M. Moonen},
 title = "{Frequency-domain criterion for the speech distortion weighted multichannel Wiener filter for robust noise reduction}",
 journal = {Speech Communication},
 volume = {49},
 number = {7-8},
 month = jul,
 year = {2007},
 pages = {636--656}
} 












