@string{ICASSP="Proc. ICASSP"}
@string{ICASSP="Proc. IEEE International Conference on Acoustics, Speech, and Signal Processing"}
@string{JASA="Journal of the Acoustical Society of America"}
@string{ITSAP="{IEEE} Transactions on Speech and Audio Processing"}
@string{ITSP="{IEEE} Transactions on Signal Processing"}
@string{ITASSP="{IEEE} Transactions on Acoustics, Speech, and Signal Processing"}
%@string{IWAENC="Proc. IWAENC"}
@string{IWAENC="Proc. International Workshop on Acoustic Echo and Noise Control"}
%@string{EUSIPCO="Proc. EUSIPCO"}
@string{EUSIPCO="Proc. European Signal Processing Conference"}
@string{IEEE_J_SPL="IEEE Signal Processing Letters"}
@string{ITASLP="{IEEE} Transactions on Audio, Speech, and Language Processing"}

@ARTICLE{Shin_SPL_2005,
author={Jong Won Shin and Joon-Hyuk Chang and Nam Soo Kim},
journal={IEEE Signal Processing Letters},
title="{Statistical modeling of speech signals based on generalized Gamma distribution}",
year={2005},
month=mar,
volume={12},
number={3},
pages={258--261}
}


@article{SCsiam,
  author       = "Jean-Fran\c{c}ois Cardoso and Antoine Souloumiac",
  journal      = "{SIAM} Journal on Matrix Analysis and Applications",
  title        = "Jacobi angles for simultaneous diagonalization",
  pages        = "161--164",
  volume       = "17",
  number       = "1",
  month        = jan,
  year         = {1996}
  }

@InCollection{makino_2010,
  author = 	 {S. Makino and S. Araki and H. Sawada},
  title = 	 {Underdetermined Blind Source Separation using Acoustic Arrays},
  booktitle = 	 {Handbook on array processing and sensor networks},
  publisher = {John Wiley \& Sons},
  year = 	 2010,
  editor = 	 {S. Haykin and K. J. R. Liu},
  address = 	 {Hoboken, USA}
}






@article{Cook_JASA_1955,
author = {{R. K. Cook, R. V. Waterhouse, R. D. Berendt, S. Edelman, and M. C. Thompson Jr.}},
title = {Measurement of Correlation Coefficients in Reverberant Sound Fields},
journal = {Journal of the Acoustical Society of America},
volume = {27},
number = {6},
pages = {1072--1077},
year = {1955},
month = nov,
}




@ARTICLE{Plumbey_ProcIEEE_2010,
author={M. D. Plumbley and T. Blumensath and L. Daudet and R. Gribonval and M. E. Davies},
journal={Proceedings of the IEEE},
title={Sparse Representations in Audio and Music: From Coding to Source Separation},
year={2010},
month=jun,
volume={98},
number={6},
pages={995--1005}
}

@ARTICLE{Guanghan_SP_1995,
author={G. Xu and H. Liu and L. Tong and T. Kailath},
journal={IEEE Transactions on Signal Processing},
title={A least-squares approach to blind channel identification},
year={1995},
month=dec,
volume={43},
number={12},
pages={2982--2993}
}


@incollection{Ephraim_handbook,
year={2005},
booktitle={The electronics handbook},
editor={J. C. Whitaker},
title={A Brief Survey of Speech Enhancement},
publisher={CRC Press},
address = {New York, USA},
author={Yariv Ephraim and Hanoch Lev-Ari and William J. J. Roberts},
}


@article{Lochner_SV_1964,
    author = {J. Lochner and J. Burger},
    journal = {Journal of Sound and Vibration},
    month = oct,
    number = {4},
    pages = {426--454},
    title = {The influence of reflections on auditorium acoustics},
    volume = {1},
    year = {1964}
}


@article{Takata_JASA_1990,
    author = {Y. Takata and A. K. Nabelek},
    journal = {Journal of the Acoustical Society of America},
    pages = {663-666},
    title = "{English consonant recognition in noise and in reverberation by Japanese and American listeners}",
    volume = {88},
number = {2},
month = aug,
    year = {1990}
}


@article{Helfer_SLHR_1990,
    author = {K. S. Helfer and L. A. Wilber},
    journal = {Journal of Sound and Vibration},
    month = mar,
    number = 1,
    pages = {149--155},
    title = {Hearing Loss, Aging, and Speech Perception in Reverberation and Noise},
    volume = {33},
    year = {1990}
}


@ARTICLE{Ephraim_ITASSP_1985,
author={Y. Ephraim and D. Malah},
journal={IEEE Transactions on Acoustics, Speech and Signal Processing},
title={Speech enhancement using a minimum mean-square error log-spectral amplitude estimator},
year={1985},
month=apr,
volume={33},
number={2},
pages={443--445}
}

@ARTICLE{Ephraim_ITASSP_1984,
author={Y. Ephraim and D. Malah},
journal={IEEE Transactions on Acoustics, Speech and Signal Processing},
title={Speech enhancement using a minimum mean-square error short-time spectral amplitude estimator},
year={1984},
month=dec,
volume={32},
number={6},
pages={1109--1121}
}


@ARTICLE{Breithaupt_ISP_2007,
author={C. Breithaupt and T. Gerkmann and R. Martin},
journal={IEEE Signal Processing Letters},
title={Cepstral Smoothing of Spectral Filter Gains for Speech Enhancement Without Musical Noise},
year=2007,
month=dec,
volume=14,
number=12,
pages={1036-1039}
}

@ARTICLE{Burshtein_ITSAP_2002,
author={D. Burshtein and S. Gannot},
journal={IEEE Transactions on Speech and Audio Processing},
title={Speech enhancement using a mixture-maximum model},
year={2002},
month=sep,
volume={10},
number={6},
pages={341--351}
}

@INPROCEEDINGS{Martin_ICASSP_2002,
author={R. Martin},
booktitle=ICASSP,
title="{Speech enhancement using MMSE short time spectral estimation with gamma distributed speech priors}",
year={2002},
month=may,
volume={1},
pages={253--256}
}

@ARTICLE{Boh_ITSAP_1998,
author={S. L. Boh and C. T. Yit and J. S. Chang and T. T. Chin},
journal={IEEE Transactions on Speech and Audio Processing},
title={A parametric formulation of the generalized spectral subtraction method},
year=1998,
month=jul,
volume=6,
number=4,
pages={328--337}
}

@book{Higham_2002,
 author = {J. N. Higham},
 title = {Accuracy and Stability of Numerical Algorithms},
 year = {2002},
 publisher = {SIAM},
 address = {Philadelphia, USA},
} 




@Misc{reverb,
  title = 	 "{Reverberant voice enhancement and recognition benchmark (REVERB) challenge}",
  month = 	 may,
  year = 	 {2014},
  address = {Florence, Italy},
}

@Book{Vaseghi_book_2008,
  author = 	 {S. V. Vaseghi},
  title = 	 {Advanced digital signal processing and noise reduction},
  publisher = 	 {John Wiley \& Sons},
  address = {Hoboken, USA},
  year = 	 {2008}
}

@Book{Loizou_book_2007,
  author = 	 {P. C. Loizou},
  title = 	 {Speech enhancement: Theory and practice},
  publisher = 	 {CRC Press},
  address = {New York, USA},
  year = 	 {2007}
}

@ARTICLE{Goh_ITSAP_1998,
author={Z. Goh and K-C. Tan},
journal={IEEE Transactions on Speech and Audio Processing},
title={Postprocessing method for suppressing musical noise generated by spectral subtraction},
year={1998},
month=may,
volume={6},
number={3},
pages={287--292}
}

@ARTICLE{Virag_ITSAP_1999,
author={N. Virag},
journal={IEEE Transactions on Speech and Audio Processing},
title={Single channel speech enhancement based on masking properties of the human auditory system},
year={1999},
month=mar,
volume={7},
number={2},
pages={126--137}
}

@ARTICLE{Gustafsson_ITSAP_2001,
author={H. Gustafsson and S. E. Nordholm and I. Claesson},
journal={IEEE Transactions on Speech and Audio Processing},
title={Spectral subtraction using reduced delay convolution and adaptive averaging},
year={2001},
month=nov,
volume={9},
number={8},
pages={799--807}
}

@article{Lockwood_SC_1992,
  author = {P. Lockwood and J. Boudy},
month = jul,
  journal = {Speech Communication},
  number = {2-3},
  pages = {215--228},
  title = "{Experiments with a nonlinear spectral subtractor (NSS), Hidden Markov models and the projection, for robust speech recognition in cars}",
  volume = 11,
  year = 1992
}

@INPROCEEDINGS{Kamath_ICASSP_2002,
author={S. Kamath and P. C. Loizou},
booktitle=ICASSP,
title={A multi-band spectral subtraction method for enhancing speech corrupted by colored noise},
year={2002},
month={May},
address = {Orlando, USA},
pages={4164--4164}
}



@INPROCEEDINGS{Berouti_ICASSP_1979,
author={M. Berouti and R. Schwartz and J. Makhoul},
booktitle=ICASSP,
title={Enhancement of speech corrupted by acoustic noise},
year={1979},
month=apr,
address = {Washington, USA},
pages={208--211}
}

@ARTICLE{Lim_IEEE_1979,
author={J. S. Lim and A. V. Oppenheim},
journal={Proceedings of the IEEE},
title={Enhancement and bandwidth compression of noisy speech},
year={1979},
month=dec,
volume={67},
number={12},
pages={1586--1604}
}

@ARTICLE{Boll_ITASSP_1979,
author={S. Boll},
journal={IEEE Transactions on Acoustics, Speech and Signal Processing},
title={Suppression of acoustic noise in speech using spectral subtraction},
year={1979},
month=apr,
volume={27},
number={2},
pages={113--120}
}

@Book{Benesty_SHSP_2007,
  editor = 	 {J. Benesty and M. M. Sondhi and Y. A. Huang},
  title = 	 {Springer handbook of speech processing},
  publisher = 	 {Springer},
  address = {Berlin, Germany},
  year = 	 {2007}
}

@incollection{Cohen_handbook,
year={2008},
booktitle={Springer Handbook of Speech Processing},
editor={J. Benesty and M. M. Sondhi and Y. A. Huang},
title={Spectral enhancement methods},
publisher={Springer},
address = {Berlin, Germany},
author={I. Cohen and S. Gannot},
}


@InBook{VanVeen_book,
  author = 	 {B. Van Veen and K. M. Buckley},
  editor = 	 {V. K. Madisetti and D. B. Williams},
  title = 	 {Beamforming techniques for spatial filtering},
  publisher = 	 {CRC Press},
  address = {New York, USA},
  year = 	 {1999}
}

@article{Wedin_1973,
year={1973},
journal={BIT Numerical Mathematics},
volume={13},
number={2},
title={Perturbation theory for pseudo-inverses},
author={P. Wedin},
pages={217--232},
month = jun
}

@article{Arberet_ITASLP_2013,
  author    = {S. Arberet and P. Vandergheynst and R. E. Carrillo and J. Thiran and Y. Wiaux},
  title     = {Sparse Reverberant Audio Source Separation via Reweighted Analysis},
  journal   = {{IEEE} Transactions on Audio, Speech and Language Processing},
  volume    = {21},
  number    = {7},
  month = mar,
  pages     = {1391--1402},
  year      = {2013}
}

@book{Boyd_book,
 author = {S. P. Boyd and L. Vandenberghe},
 title = {Convex Optimization},
 year = 2004,
 publisher = {Cambridge University Press},
 address = {Cambridge, United Kingdom},
} 

@INPROCEEDINGS{Habets_IEEEI_2008,
author={E. A. P. Habets and S. Gannot and I. Cohen},
booktitle={Proc. IEEE Convention of Electrical and Electronics Engineers in Israel },
title={Speech dereverberation using backward estimation of the late reverberant spectral variance},
year={2008},
month=dec,
address = {Eilat, Israel},
pages={384--388}
}

@ARTICLE{1461442,
author={P. Georgiev and F. Theis and A. Cichocki},
journal={IEEE Transactions on Neural Networks},
title={Sparse component analysis and blind source separation of underdetermined mixtures},
year={2005},
month={July},
volume={16},
number={4},
pages={992--996}
}

@inproceedings{Bofill2000a,
    address = {Helsinki, Finland},
    author = {P. Bofill and M. Zibulevsky},
    booktitle = {Proc. International Workshop on Independent Component Analysis and Blind Signal Separation},
    month = jun,
    pages = {87--92},
    title = "{Blind separation of more sources than mixtures using sparsity of their short-time Fourier transform}",
    year = {2000}
}



@Inproceedings {Tashev_IWAENC_2010,
author       = {Ivan Tashev and Alex Acero},
address = {Tel Aviv, Israel},
booktitle    = {Proc. International Workshop on Acoustic, Echo, and Noise Control}, 
month        = sep,
title        = {Statistical Modeling of the Speech Signal},
year         = {2010},
}

@Inproceedings {Hikichi_IWAENC_2006,
author       = {T. Hikichi and M. Delcroix and M. Miyoshi},
address = {Paris, France},
booktitle    = IWAENC,
month        = sep,
title        = {Inverse filtering for speech dereverberation less sensitive to noise},
year         = {2006},
}

@article{Kuklasinski_ITASLP_2016,
 author = {A. Kuklasi\'{n}ski and S. Doclo and S. H. Jensen and J. Jensen},
 title = "{Maximum likelihood PSD estimation for speech enhancement in reverberation and noise}",
 journal = {IEEE/ACM Transactions on Audio, Speech, and Language Processing},
 volume = {24},
 number = {9},
 month = sep,
 year = {2016},
  pages = {1595--1608}
}


@Inproceedings{kuklasinski_AES_2016,
		title = "{Multichannel Wiener filter for speech dereverberation in hearing aids - sensitivity to DoA errors}",
		author = {A. Kuklasi\'{n}ski and S. Doclo and S. H. Jensen and J. Jensen},
		booktitle = {Proc. AES 60th Conference on Dereverberation and Reverberation of Audio, Music, and Speech},
		month = feb,
		year = {2016},
address = {Leuven, Belgium}
		}

@Inproceedings {Gerkmann_IWAENC_2010,
author       = {T. Gerkmann and R. Martin},
address = {Tel Aviv, Israel},
booktitle    = {Proc. International Workshop on Acoustic, Echo, and Noise Control}, 
month        = sep,
title        = "{Empirical distributions of DFT-domain speech coefficients based on estimated speech variances}",
year         = {2010},
}


@INPROCEEDINGS{Tashev_HSCMA_2005,
    author = {Ivan Tashev and Daniel Allred},
      booktitle = {Proc. Joint Workshop on Hands-Free Speech Communication and Microphone Arrays},
  year = 	 {2005},
  address = 	 {Piscataway, USA},
  month = 	 mar,
    title = {Reverberation reduction for improved speech recognition},
}

@INPROCEEDINGS{Kodrasi_HSCMA_2017,
    author = {Ina Kodrasi and Simon Doclo},
      booktitle = {Proc. Joint Workshop on Hands-Free Speech Communication and Microphone Arrays},
  year = 	 {2017},
  address = 	 {San Francisco, USA},
  month = 	 mar,
    title = "{EVD-based multi-channel dereverberation of a moving speaker using different RETF estimation methods}",
    pages = {116--120},
}


@PhdThesis{Habets_PhD,
  author = 	 {E. A. P. Habets},
  title = 	 {Single- and Multi-Microphone Speech Dereverberation using Spectral Enhancement},
  school = 	 {Technische Universiteit Eindhoven},
  address = {Eindhoven, Netherlands},
  year = 	 {2007},
  month = jun,
}

@PhdThesis{Doclo_PhD,
  author = 	 {S. Doclo},
  title = 	 {Multi-microphone noise reduction and dereverberation techniques for speech applications},
  school = 	 {Katholieke Universiteit Leuven},
  address = {Leuven, Belgium},
  year = 	 {2003}
}

@book{Benesty_NR_overview_2008,
 author = {J. Benesty and J. Chen and Y. A. Huang},
 title = {Microphone array signal processing},
 year = 2008,
 publisher = {Springer},
 address = {Berlin, Germany},
} 

@article{Blumensath_JFAA_2008,
          volume = {14},
          number = {5-6},
           month = dec,
          author = {T. Blumensath and M. E. Davies},
           title = {Iterative thresholding for sparse approximations},
         journal = {The Journal of Fourier Analysis and Applications},
           pages = {629--654},
            year = {2008}
}

@article{Gabay197617,
author = {D. Gabay and B. Mercier},
title = "A dual algorithm for the solution of nonlinear variational problems via finite element approximation ",
journal = {Computers \& Mathematics with Applications},
volume = "2",
number = "1",
month = may,
pages = "17--40",
year = "1976",
}

@INPROCEEDINGS{Fadili_ICIP_2009,
author={M. J. Fadili and J. L. Starck},
booktitle={Proc. IEEE International Conference on Image Processing},
title={Monotone operator splitting for optimization problems in sparse recovery},
year={2009},
month=nov,
address = {San Diego, USA},
pages={1461--1464}
}


@ARTICLE{Wang_image_2008,
    author = {Yilun Wang and Junfeng Yang and Wotao Yin and Yin Zhang},
    title = { A new alternating minimization algorithm for total variation image reconstruction},
    journal = {SIAM Journal on Imaging Sciences},
    year = {2008},
    volume = {1},
    month = aug,
    number = {3},
    pages = {248--272}
}

@article{Goldstein_SIAM_2009,
 author = {T. Goldstein and S. Osher},
 title = {The split {Bregman} method for {L1}-regularized problems},
 journal = {SIAM Journal on Imaging Sciences},
 volume = {2},
 number = {2},
 month = apr,
 year = {2009},
 pages = {323--343}
} 


@article{Boyd_admm_2011,
 author = {S. P. Boyd and N. Parikh and E. Chu and B. Peleato and J. Eckstein},
 title = {Distributed Optimization and Statistical Learning via the Alternating Direction Method of Multipliers},
 journal = {Foundations and Trends in Machine Learning},
 volume = 3,
 number = 1,
 month = jan,
 year = 2011,
 issn = {1935-8237},
 pages = {1--122}
} 

@ARTICLE{Rao_SP_1999,
author={B. D. Rao and K. Kreutz-Delgado},
journal={IEEE Transactions on Signal Processing},
title={An affine scaling methodology for best basis selection},
year={1999},
month={Jan},
volume={47},
number={1},
pages={187--200}
}

@inproceedings{Chartrand_Pacific_2013,
  author    = {R. Chartrand and E. Y. Sidky and X. Pan},
  title     = {Nonconvex compressive sensing for {X}-ray {CT:} An algorithm comparison},
  booktitle = {Proc. Asilomar Conference on Signals, Systems and Computers},
  pages     = {665--669},
  year      = {2013},
  month = nov,
  address = {Pacific Grove, USA}
}

@INPROCEEDINGS{Chartrand_ICASSP_2008,
author={R. Chartrand and W. Yin},
booktitle=ICASSP,
title={Iteratively reweighted algorithms for compressive sensing},
year=2008,
month=mar,
address  = "Las Vegas, USA",
pages={3869--3872},
}

@ARTICLE{Friedlander_IEEEIT_2012,
author={M. P. Friedlander and H. Mansour and R. Saab and O. Yilmaz},
journal={IEEE Transactions on Information Theory},
title={Recovering Compressively Sampled Signals Using Partial Support Information},
year={2012},
month=feb,
volume={58},
number={2},
pages={1122--1134}
}




@ARTICLE{Haneda_ITSAP_1994,
author={Y. Haneda and S. Makino and Y. Kaneda},
journal={IEEE Transactions on Speech and Audio Processing},
title={Common acoustical pole and zero modeling of room transfer functions},
year={1994},
month=apr,
volume={2},
number={2},
pages={320--328}
}

@INPROCEEDINGS{Khong_ICASSP_2008,
    author = {A. W. H. Khong and L. Xiang and P. A. Naylor},
    title = {Algorithms for identifying clusters of near-common zeros in multichannel blind system identification and equalization},
    booktitle = ICASSP,
    year = {2008},
    pages = {229--232},
    month = mar,
    address = "Las Vegas, USA",
}

@INPROCEEDINGS{Ahmad_ICASSP_2006,
author={R. Ahmad and A. W. H. Khong and P. A. Naylor},
booktitle=ICASSP,
address= {Toulouse, France},
title={Proportionate frequency domain adaptive algorithms for blind channel identification},
year={2006},
pages = {29--32},
month=may
}

@article{Kikerby_JAES_1999,
title = {Digital Filter Design for Inversion Problems in Sound Reproduction},
author = {O. Kirkeby and P. A. Nelson},
journal = {Journal of Audio Engineering Society},
volume = {47},
number = {7/8},
month = jul,
pages = {583--595},
year = {1999}
}

@ARTICLE{Kikerby_ITSAP_1998,
author={O. Kirkeby and P. A. Nelson and H. Hamada and F. Orduna-Bustamante},
journal={IEEE Transactions on Speech and Audio Processing},
title={Fast deconvolution of multichannel systems using regularization},
year={1998},
month=mar,
volume={6},
number={2},
pages={189--194}
}

@ARTICLE{Candes_FA_2008,
author={E. J. Cand\'es and M. B. Wakin and S. P. Boyd},
journal   = {Journal of Fourier Analysis and Applications},
title={Enhancing sparsity by reweighted $l_1$ minimization},
year={2008},
volume={14},
month = oct,
number={5-6},
pages={877--905}
}

@ARTICLE{Kowalski_ITASLP_2010,
author={M. Kowalski and E. Vincent and R. Gribonval},
  journal   = {{IEEE} Transactions on Audio, Speech and Language Processing},
title={Beyond the Narrowband Approximation: Wideband Convex Methods for Under-Determined Reverberant Audio Source Separation},
year={2010},
month=sep,
volume={18},
number={7},
pages={1818--1829}
}

@ARTICLE{Jungmann_ITASLP_2012,
author={J. O. Jungmann and R. Mazur and M. Kallinger and M. Tiemin and A. Mertins},
journal=ITASLP,
title="Combined Acoustic {MIMO} Channel Crosstalk Cancellation and Room Impulse Response Reshaping",
year={2012},
month=aug,
volume={20},
number={6},
pages={1829--1842}
}

@book{shafarevic_algebra_book,
 author = {Igor R. Shafarevich and Alexey O. Remizov},
 title = {Linear algebra and geometry},
 year = 2010,
 publisher = {Springer},
 address = {Berlin, Germany},
}

@InCollection{Thompson_Submat_book,
  author = 	 {Robert Thompson},
  title = 	 "{P}rincipal {S}ubmatrices {IX}: {I}nterlacing {I}nequalities for {S}ingular {V}alues of {S}ubmatrices",
  booktitle = 	 {Linear Algebra and its Applications},
  pages = 	 {1--12},
  year = 	 {1972},
  volume = 	 {5}
}

@INPROCEEDINGS{hadad_IWAENC_2014, 
author={E. Hadad and F. Heese and P. Vary and S. Gannot}, 
booktitle=IWAENC, 
title={Multichannel audio database in various acoustic environments}, 
year={2014}, 
month=sep,
address = {Antibes, France},
pages={313--317}
}

@INPROCEEDINGS{Doclo_IWAENC_2001, 
author={S. Doclo and M. Moonen}, 
booktitle=IWAENC, 
title={Combined frequency-domain dereverberation and noise reduction technique for multi-microphone speech enhancement}, 
year={2001}, 
month=sep,
address = {Darmstadt, Germany},
pages={31--34},
}

@article{Houtgast_1985,
    author = {Tammo Houtgast and Herman J. M. Steeneken},
    journal = JASA,
    number = 3,
    pages = {1069--1077},
    title = {{A review of the MTF concept in room acoustics and its use for estimating speech intelligibility in auditoria}},
    volume = 77,
	  month = mar,
    year = 1985
}


@article{Miyoshi_ITASS_1988,
  author        = "Masato Miyoshi and Yutaka Kaneda",
  title         = "Inverse filtering of room acoustics",
  journal       = ITASSP,
  volume        = "36",
  number        = "2",
  month         = feb,
  year          = "1988",
  pages         = "145--152"
}

@article{Kodrasi_ITASLP_2013,
  author    = {I. Kodrasi and S. Goetze and S. Doclo},
  title     = {Regularization for Partial Multichannel Equalization for Speech Dereverberation},
  journal   = ITASLP,
  volume    = {21},
  number    = {9},
  year      = {2013},
  pages     = {1879-1890},
month = sep
}



@article{Kodrasi_ITASLP_2015,
  author    = {I. Kodrasi and S. Doclo},
  title     = {Joint dereverberation and noise reduction based on acoustic multi-channel equalization},
  journal   = ITASLP,
  year = 2015,
  note = {submitted}
}

@article{Kodrasi_ITASLP_2015b,
  author    = {I. Kodrasi and S. Doclo},
  title     = {Sparsity-promoting acoustic multi-channel equalization techniques},
  journal   = ITASLP,
  year = 2015,
  note = {in preparation}
}

@ARTICLE{Erkelens_ITASLP_2007,
author={J. S. Erkelens and R. C. Hendriks and R. Heusdens and J. Jensen},
journal={IEEE Transactions on Audio, Speech, and Language Processing},
title={{Minimum mean-square error estimation of discrete Fourier coefficients with generalized Gamma priors}},
year={2007},
month={Aug},
volume={15},
number={6},
pages={1741--1752}
}

@article{You_ITSAP_2005,
  author = {C. H. You and S. N. Koh and S. Rahardja},
  month = jul,
  journal = {IEEE Transactions on Speech and Audio Processing},
  number = 4,
  pages = {475--486},
  title = {{Beta-order MMSE spectral amplitude estimation for speech enhancement}},
  volume = 13,
  year = 2005
}

@article{Gannot_EURASIP_2003,
 author = {S. Gannot and M. Moonen},
 title = {Subspace methods for multimicrophone speech dereverberation},
 journal = {EURASIP Journal on Applied Signal Processing},
 volume = 11,
 number = 1,
 month = oct,
 year = 2003,
 pages = {1074--1090},
} 

@INPROCEEDINGS{Schwartz_WASPAA_2015,
author={O. Schwartz and S. Braun and S. Gannot and E. A. P. Habets},
booktitle={Proc. IEEE Workshop on Applications of Signal Processing to Audio and Acoustics},
title={Maximum likelihood estimation of the late reverberant power spectral density in noisy environments},
year={2015},
address = {New York, USA},
month=oct,
}

@INPROCEEDINGS{Schwartz_ICASSP_2016, 
author={O. Schwartz and S. Gannot and E. A. P. Habets}, 
booktitle=ICASSP,
title={Joint maximum likelihood estimation of late reverberant and speech power spectral density in noisy environments}, 
year={2016}, 
pages={151-155}, 
month=mar,
address = {Shanghai, China}
}

@article{Braun_EURASIP_2015,
 author = {S. Braun and E. A. P. Habets},
 title = {A multichannel diffuse power estimator for dereverberation in the presence of multiple sources},
 journal = {EURASIP Journal on Applied Signal Processing},
 volume = 2015,
 number = 1,
 pages = {1--14},
 month = dec,
 year = 2015,
 } 


@article{Lotter_EURASIP_2005,
 author = {T. Lotter and P. Vary},
 title = {{Speech enhancement by MAP spectral amplitude estimation using a super-Gaussian speech model}},
 journal = {EURASIP Journal on Applied Signal Processing},
 volume = 2005,
 month = jan,
 year = 2005,
 pages = {1110--1126},
} 



@article{Loizou_ITSAP_2005,
author = {P. C. Loizou},
title = {{Speech enhancement based on perceptually motivated Bayesian estimators of the magnitude spectrum}},
journal = {IEEE Transactions on Speech and Audio Processing},
volume = {13},
number = {5},
month = sep,
year = {2005},
pages = {857--869}
}


@Article{Belge_SPIE_1998,
  author = 	 {M. Belge and M. Kilmer and E. L. Miller},
  title = 	 "{Simultaneous multiple regularization parameter selection by means of the L-hypersurface with applications to linear inverse problems posed in the wavelet transform domain}",
  journal = 	 "{SPIE 3459, Bayesian Inference for Inverse Problems}",
  year = 	 {1998},
  volume = 	 {328},
  month = 	 sep
}




@Article{Belge_IP_2002,
  author = 	 {M. Belge and M. Kilmer and E. L. Miller},
  title = 	 "{Efficient determination of multiple regularization parameters in a generalized L-curve framework}",
  journal = 	 {Inverse Problems},
  year = 	 {2002},
 month = jul,
 number = 4,
  volume = 	 {18},
  pages = 	 {1161--1183}
}

@Book{Carmo_book_1976,
  author = 	 {M. P. Do Carmo},
  title = 	 {Differential Geometry of Curves and Surfaces},
publisher = {Prentice Hall},
address = {New Jersey, USA},
  year = 	 {1976}
}

@article{hansen1992analysis,
  title="{Analysis of discrete ill-posed problems by means of the L-curve}",
  author={Per Christian Hansen},
  journal={SIAM review},
  volume=34,
  number=4,
  month = dec,
  pages={561--580},
  year=1992,
}


@article{Hansen_1993,
 author = {Per Christian Hansen and Dianne Prost O'Leary},
 title = "{The use of the L-curve in the regularization of discrete ill-posed problems}",
 journal = {SIAM Journal on Scientific Computing},
 volume = {14},
 number = {6},
 month = nov,
 year = {1993},
 pages = {1487--1503},
 publisher = {SIAM},
 address = {Philadelphia, USA}
} 

@Book{Quackenbush_book,
  author = 	 {S. Quackenbush and T. Barnwell and M. Clements},
  title = 	 {Objective measures of speech quality},
  publisher = 	 {Prentice-Hall},
  address = {New Jersey, USA},
  year = 	 {1988}
}

@article{Stewart_journal_1979,
title = "Perturbation bounds for the definite generalized eigenvalue problem",
journal = "Linear Algebra and its Applications ",
volume = "23",
pages = "69--85",
year = "1979",
month = feb,
author = "G. W. Stewart"
}

@electronic{citeulike:1495987,
    author = "{The Mathworks Inc.}",
    title = {{Matlab Optimization Toolbox User's Guide}},
    url = {http://www.mathworks.com/help/pdf_doc/optim/optim_tb.pdf}
}

@Book{Golub_Matrix_book,
author = 	 "{G. Golub and C. Van Loan}",
  title = 	 "Matrix Computations",
  publisher = 	 "The John Hopkins University Press",
  year = 	 {1996},
  address = 	 {Baltimore, USA}
}



@Book{Kuttruff_book,
  author = 	 {H. Kuttruff},
  title = 	 {Room acoustics},
  publisher = 	 {Taylor \& Francis},
  address = {New York, USA},
  year = 	 {2000}
}

@article{Harikumar_ITSP_1998,
  author        = "Gopal Harikumar and Yoram Bresler",
  title         = "{FIR perfect signal reconstruction from multiple convolutions: minimum deconvolver orders}",
  journal       = ITSP,
  volume    = 46,
  number    = 1,
  month = jan,
  year      = 1998,
  pages     = {215--218},
}





@Book{Everest_book,
  author = 	 {F. A. Everest},
  title = 	 {Master handbook of acoustics},
  publisher = 	 {McGraw-Hill},
  year = 	 {2001},
  address = {New York, USA},
}

@Book{Furui_book,
  editor = 	 {S. Furui and M. M. Sondhi},
  title = 	 {Advances in speech signal processing},
  publisher = 	 {Marcel Dekker},
  year = 	 {1991},
  address = {New York, USA}
}
@INPROCEEDINGS{Lim_EUSIPCO_2013,
author={F. Lim and P. A. Naylor},
booktitle=EUSIPCO,
title={Robust speech dereverberation using subband multichannel least squares with variable relaxation},
year={2013},
month=sep,
address = {Marrakech, Morocco}
}

@INPROCEEDINGS{Schmidt_EUSIPCO_2004,
author={G. Schmidt},
booktitle=Eusipco,
title={Applications of acoustic echo control - An overview},
year={2004},
month=sep,
pages={9--16},
adress = {Vienna, Austria}
}

@article{Bradley_JASA_2003,
    author = {J. S. Bradley and H. Sato and M. Picard},
    journal = {Journal of the Acoustical Society of America},
    number = {6},
    month = jun,
    pages = {3233--3244},
    title = {{On the importance of early reflections for speech in rooms}},
    volume = {113},
    year = {2003}
}



@article{Omologo_1998,
 author = {M. Omologo and P. Svaizer and M. Matassoni},
 title = {Environmental conditions and acoustic transduction in hands-free speech recognition},
 journal = {Speech Communication},
 volume = {25},
 number = {1--3},
 month = aug,
 year = {1998},
 pages = {75--95}
}


@InBook{Horn_Mat_book,
  author = 	 "R. A. Horn and C. R. Johnson",
  title = 	  "{T}opics in matrix analysis",
  publisher = 	 {Cambridge University Press},
  address = {Cambridge, United Kingdom},
  year = 	 {1999}
}



@Article{Lebart_ACUSTICA_2001,
  author = 	 {K. Lebart and J. M. Boucher},
  title = 	 {A new method based on spectral subtraction for speech dereverberation},
  journal = 	 {Acta Acoustica},
  year = 	 {2001},
  volume = 	 {87},
  number = 	 {3},
  pages = 	 {359--366},
  month = 	 {May-Jun.}
}

@ARTICLE{Huang_SPL_2005,
author={Y. A. Huang and J. Benesty and J. Chen},
journal={IEEE Signal Processing Letters},
title="{Optimal step size of the adaptive multichannel LMS algorithm for blind SIMO identification}",
year={2005},
month=mar,
volume={12},
number={3},
pages={173--176}
}

@Article{Huang_SP_2002,
  author = 	 {Y. A. Huang and J. Benesty},
  title = 	 "{Adaptive multi-channel least mean square and Newton algorithms for blind channel identification}",
  journal = 	 {Signal Processing},
  year = 	 {2002},
  number = 	 {8},
  volume = {82},
  pages = 	 {1127--1138},
  month = 	 aug,

}

@Book{benesty_book_2009,
  author = 	 {J. Benesty and J. Chen and Y. A. Huang and I. Cohen},
  title = 	 {Noise reduction in speech processing},
  publisher = 	 {Springer},
  address = {Berlin, Germany},
  year = 	 {2009}
}

@ARTICLE{Morgan_SPL_1988,
author={D. R. Morgan and J. Benesty and M. M. Sondhi},
journal={IEEE Signal Processing Letters},
title={On the evaluation of estimated impulse responses},
year={1998},
month=jul,
volume={5},
number={7},
pages={174--176}
}

@article{Cho_ITSA_1999,
  author        = "Jun Cho and Dennis Morgan and Jacob Benesty",
  title         = "{An objective technique for evaluating doubletalk detectors in acoustic echo cancelers}",
  journal       = ITSAP,
  volume    = 7,
  number    = 6,
  month = nov,
  year      = 1999,
  pages     = {718--724},
}


@INPROCEEDINGS{Kodrasi_AES_2015,
    author = {I. Kodrasi and S. Doclo},
    title = {Incorporating the noise statistics in acoustic multi-channel equalization},
    booktitle = {Proc. AES International Conference on Dereverberation and Reverberation of Audio, Music, and Speech},
    year = {2016},
    month = feb,
    address = {Leuven, Belgium},
    note = {submitted}
}


@INPROCEEDINGS{Farina_2000,
    author = {A. Farina},
    title = {Simultaneous measurement of impulse response and distortion with a swept-sine technique},
    booktitle = {Proc. AES Convention},
    year = {2000},
    month = feb,
    address       = "Paris, France",
    pages = {18--22}
}

@ARTICLE{Elliott_EL_1985,
author={S. J. Elliott and P. A. Nelson},
journal={Electronics Letters},
title={Algorithm for multichannel LMS adaptive filtering},
year={1985},
month=oct,
volume={21},
number={21},
pages={979--981}
}

@ARTICLE{Rashobh_ITASLP_2014,
author={R. S. Rashobh and A. W. H. Khong and D. Liu},
journal={IEEE/ACM Transactions on Audio, Speech, and Language Processing},
title="{Multichannel equalization in the KLT and frequency domains with application to speech dereverberation}",
year={2014},
month=mar,
volume={22},
number={3},
pages={634--646}
}

@ARTICLE{Rashobh_SPL_2012,
author={R. S. Rashobh and A. W. H. Khong},
journal={IEEE Signal Processing Letters},
title={A Fast Frequency-Domain Algorithm for Equalizing Acoustic Impulse Responses},
year={2012},
month=dec,
volume={19},
number={12},
pages={797--800}
}

@INPROCEEDINGS{Rashobh_ISCAS_2012,
author={R. S. Rashobh and A. W. H. Khong},
booktitle={IEEE International Symposium on Circuits and Systems},
title={A variable step-size multichannel equalization algorithm exploiting sparseness measure for room acoustics},
year={2012},
month=may,
pages={2753--2756}
}

@INPROCEEDINGS{Rashobh_ICASSP_2014,
author={R. S. Rashobh and A. W. H. Khong},
booktitle=ICASSP,
title={Adaptive multichannel equalization applied to room acoustics exploiting the sparsity of target response},
year={2014},
month=may,
address = {Florence, Italy},
pages={5162--5166}
}

@INPROCEEDINGS{Zhang_Asilomar_2008,
author={W. Zhang and A. W. H. Khong and P. A. Naylor},
booktitle={Proc. Asilomar Conference on Signals, Systems and Computers},
title={Adaptive inverse filtering of room acoustics},
year={2008},
month=oct,
pages={788--792}
}

@inproceedings{Naylor_IWAENC_2005,
  author        = "P. A. Naylor and N. D. Gaubitch",
title = "{Speech dereverberation}",
  booktitle     = IWAENC,
  address       = "Eindhoven, The Netherlands",
  month         = sep,
  year          = "2005"
}

@article{Radlovic_2000,
    author = {B. D. Radlovic and R. A. Kennedy},
    journal = ITSAP,
    number = 6,
    pages = {728--737},
    title = {Nonminimum-Phase Equalization and Its Subjective Importance in Room Acoustics},
    volume = 8,
    month = nov,
    year = 2000
}

@article{Radlovic_ITSA_2000,
  author        = "Biljana D. Radlovic and Robert C. Williamson and Rodney A. Kennedy",
  title         = "{Equalization in an acoustic reverberant environment: robustness results}",
  journal       = ITSAP,
  volume        = 8,
  number        = 3,
  month         = May,
  year          = 2000,
  pages         = "311--319"
}


@INPROCEEDINGS{Koren_ICASSP_2012,
author={T. Koren and R. Talmon and I. Cohen},
booktitle=ICASSP,
title="{Supervised system identification based on local PCA models}",
year={2012},
month=mar,
address = {Kyoto, Japan},
pages={541--544}
}

@INPROCEEDINGS{Jungmann_ICASSP_2013,
author={J. O. Jungmann and R. Mazur and A. Mertins},
booktitle=ICASSP,
title={Perturbation of room impulse responses and its application in robust listening room compensation},
year=2013,
month=may,
address  = "Vancouver, Canada",
pages={433--437},
}

@Manual{MUSHRA,
  title = 	 "{Method for the subjective assessment of intermediate quality levels of coding systems}",
  author = 	 "{ITU-T}",
  organization = "{International Telecommunications Union (ITU-T) Recommendation}",
  month = 	 jan,
  year = 	 2003
}

@Manual{PESQ,
  title = 	 "{Perceptual evaluation of speech quality (PESQ), an objective method for end-to-end speech quality assessment of narrowband telephone networks and speech codecs P.862}",
  author = 	 "{ITU-T}",
  organization = "{International Telecommunications Union (ITU-T) Recommendation}",
  month = 	 feb,
  year = 	 2001
}



@article{Castellanos_2002,
 author = {J. Longina Castellanos and Susana G\'{o}mez and Valia Guerra},
 title = "{The triangle method for finding the corner of the L-curve}",
 journal = {Applied Numerical Mathematics},
 volume = 43,
 number = 4,
 month = dec,
 year = 2002,
 pages = {359--373},
 publisher = {Elsevier Science Publishers B. V.},
 address = {Amsterdam, The Netherlands}
} 


@article{Huang_ITSP_2003,
  author        = {Y. A. Huang and J. Benesty},
  title         = "{A class of frequency-domain adaptive approaches to blind multichannel identification}",
  journal       = ITSP,
  volume    = {51},
  number    = {1},
  month = jan,
  year      = {2003},
  pages     = {11--24},
}


@article{Nagata_Wiley_2004,
  author = 	 {Yu Nagata and Yosuke Tatekura and Hiroshi Saruwatari and Kiyohiro Shikano},
  title = 	 {Iterative Inverse Filter Relaxation Algorithm for Adaptation to Acoustic Fluctuation in Sound Reproduction System},
  journal = 	 {Electronics and Communications in Japan},
  volume        = "87",
  number        = "7",
  month         = jul,
  year          = "2004"
}


@inproceedings{Gaubitch_EUSIPCO_2004,
  author        = "Nikolay D. Gaubitch and Patrick A. Naylor and Darren B. Ward",
  title = "{Multi-microphone Speech Dereverberation Using Spatio-temporal Averaging}",
  booktitle     = EUSIPCO,
  address       = "Vienna, Austria",
  month         = sep,
  year          = "2004",
  pages         = "809--812"
}

@inproceedings{Hu_EUSIPCO_2015,
  author        = "M. Hu and Nikolay D. Gaubitch and Patrick A. Naylor and Darren B. Ward",
  title = "{Noise robust blind system identification algorithms based on a Rayleigh quotient cost function}",
  booktitle     = EUSIPCO,
  address       = "Nice, France",
  month         = sep,
  year          = "2015"
}

@ARTICLE{Jeub_ITASLP_2010,
author={M. Jeub and M. Schafer and T. Esch and P. Vary},
journal=ITASLP,
title={Model-Based Dereverberation Preserving Binaural Cues},
year={2010},
month=sep,
volume={18},
number={7},
pages={1732-1745},
}
@book{Hendriks_book_2013,
	title = {DFT-domain based single-microphone noise reduction for speech enhancement -  A survey of the state of the art},
	volume = 9,
	number = 1,
	address = {San Rafael, USA},
	year = 2013,
	publisher = {Morgan \& Claypool Publishers},
	author = {R. C. Hendriks and T. Gerkmann and J. Jensen}
}


@inproceedings{Habets_ICASSP_2005,
  author        = "Emanu{\"e}l A. P. Habets",
  title = "{Multi-channel speech dereverberation based on a statistical model of late reverberation}",
  booktitle     = ICASSP,
  address       = "Philadelphia, USA",
  month         = mar,
  year          = "2005",
  pages         = "173--176"
}

@ARTICLE{Martin_ITSP_2005,
author={R. K. Martin and K. Vanbleu and Ming Ding and G. Ysebaert and M. Milosevic and B. L. Evans and M. Moonen and C. R. Johnson},
journal={IEEE Transactions on Signal Processing}, 
title={Unification and evaluation of equalization structures and design algorithms for discrete multitone modulation systems},
year={2005},
month=oct,
volume={53},
number={10},
pages={3880--3894}
}




@inproceedings{Kallinger_ICASSP_2006,
  author        = "Markus Kallinger and Alfred Mertins",
title = "{Multi-channel room impulse response shaping - a study}",
  booktitle     = ICASSP,
  address       = "Toulouse, France",
  month         = may,
  year          = "2006",
  pages         = "101--104"
}



@article{Beutelmann_2006,
    author = {R. Beutelmann and T. Brand},
    journal = JASA,
    number = {1},
    pages = {331--342},
    title = {{Prediction of speech intelligibility in spatial noise and reverberation for normal-hearing and hearing-impaired listeners}},
    volume = {120},
	  month = jul,
    year = {2006}
}



@inproceedings{Hasan_EUSIPCO_2006,
  author        = "Kamrul Hasan and Patrick A. Naylor",
title = "{Analyzing effect of noise on LMS-type approaches to blind estimation of SIMO channels: robustness issue}",
  booktitle     = EUSIPCO,
  address       = "Florence, Italy",
  month         = sep,
  year          = "2006"
}


@inproceedings{Wen_IWAENC_2006,
  author        = "Jimi Wen and Nikolay D. Gaubitch and Emanu{\"e}l A. P. Habets and Tony Myatt and Patrick A. Naylor",
title = "{Evaluation of speech dereverberation algorithms using the MARDY database}",
  booktitle     = IWAENC,
  address       = "Paris, France",
  month         = sep,
  year          = "2006",
}



@Article{Nilsson_JASA_1994,
  author = 	 {M. Nilsson and S. D. Soli and A. Sullivan},
  title = 	 "{Development of the Hearing in Noise Test for the measurement of speech reception thresholds in quiet and in noise}",
  journal = 	 JASA,
  year = 	 {1994},
number = {2},
  volume = 	 {95},
  pages = 	 {1085--1099},
  month = 	 feb
}

@article{Huber_ITASLP_2006,
  author        = "Rainer Huber and Birger Kollmeier",
  title         = "{PEMO-Q - A New Method for Objective Audio Quality Assessment Using a Model of Auditory Perception}",
  journal       = ITASLP,
  volume        = "14",
  number        = "4",
  month         = nov,
  year          = "2006",
  pages         = "1902--1911"
}

@ARTICLE{Capon_IEEE_1969,
author={J. Capon},
journal={Proc. of the IEEE},
title={High-resolution frequency-wavenumber spectrum analysis},
year={1969},
month=aug,
volume={57},
number={8},
pages={1408--1418}
}




@ARTICLE{Habets_ITASLP_2010,
author={E. A. P. Habets and J. Benesty and I. Cohen and S. Gannot and J. Dmochowski},
journal=ITASLP,
title="New Insights Into the {MVDR} Beamformer in Room Acoustics",
year={2010},
month=jan,
volume={18},
number={1},
pages={158--170}
}


@ARTICLE{Gaubitch_ITASLP_2009,
author={N. D. Gaubitch and P. A. Naylor},
journal=ITASLP,
title={Equalization of Multichannel Acoustic Systems in Oversampled Subbands},
year={2009},
month=aug,
volume={17},
number={6},
pages={1061--1070}
}

@article{Buck_ETT_2002,
  author = {M. Buck},
  month = jun,
  journal = {European Transactions on Telecommunications},
  number = 2,
  pages = {115--122},
  title = {Aspects of first-order differential microphone arrays in the presence of sensor imperfections},
  volume = 13,
  year = 2002
}

@ARTICLE{Veen_MAgazie_1988,
author={B. D. Van Veen and K. M. Buckley},
journal={IEEE Acoustics, Speech, and Signal Processing Magazine},
title={Beamforming: a versatile approach to spatial filtering},
year={1988},
month=apr,
volume={5},
number={2},
pages={4--24}
}

@article{Gaubitch_JASA_2006,
  author        = "Nikolay D. Gaubitch and Darren B. Ward and Patrick A. Naylor",
  title         = "{Statistical analysis of the autoregressive modeling of reverberant speech}",
  journal       = JASA,
  volume        = "120",
  number        = "6",
  month         = dec,
  year          = "2006",
  pages         = "4031--4039"
}



@ARTICLE{Delcroix_2007,
author={M. Delcroix and T. Hikichi and M. Miyoshi},
journal=ITASLP, 
title={Precise Dereverberation Using Multichannel Linear Prediction},
year={2007},
month=feb,
volume={15},
number={2},
pages="430--440"
}

@article{ASchwarz_ITASLP_2015,
    Author = {A. Schwarz and W. Kellermann},
    Journal = {IEEE/ACM Transactions on Audio, Speech, and Language Processing},
    Month = jun,
    Number = {6},
    Pages = {1006--1018},
    Title = {Coherent-to-Diffuse Power Ratio Estimation for Dereverberation},
    Volume = {23},
    Year = {2015}} 

@INPROCEEDINGS{Schwarz_ICASSP_2012,
author={A. Schwarz and K. Reindl and W. Kellermann},
booktitle=ICASSP,
address = {Kyoto, Japan},
title={{A two-channel reverberation suppression scheme based on blind signal separation and Wiener filtering}},
year={2012},
month=mar,
pages={113--116}
}

@INPROCEEDINGS{Schwarz_IWAENC_2012,
author={A. Schwarz and K. Reindl and W. Kellermann},
booktitle=IWAENC,
title={On Blocking Matrix-Based Dereverberation for Automatic Speech Recognition},
year={2012},
month=sep,
address = {Aachen, Germany},
}

@inproceedings{Habets_ICASSP_2007,
  author        = "Emanu{\"e}l A. P. Habets and Sharon Gannot",
title = "{Dual-microphone speech dereverberation using a reference signal}",
  booktitle     = ICASSP,
  address       = "Honolulu, USA",
  month         = apr,
  year          = "2007",
  pages         = "901--904"
}

@book{Sternberg_book_2012,
  title={Curvature in mathematics and physics},
  author={S. Sternberg},
  year={2012},
  address = {New York, USA},
  publisher={Dover Pubications}
}

@article{Hikichi_EURASIP_2007,
  author        = "Takafumi Hikichi and Marc Delcroix and Masato Miyoshi",
  title         = "{Inverse filtering for speech dereverberation less sensitive to noise and room transfer function fluctuations}",
  journal       = "{EURASIP Journal on Advances in Signal Processing}",
  volume        = "2007",
  year          = "2007"
}

@article{Kodrasi_EURASIP_2015,
  author        = "Ina Kodrasi and Simon Doclo",
  title         = "{Increasing the robustness of acoustic multi-channel equalization techniques using shorter reshaping filters}",
  journal       = "{EURASIP Journal on Advances in Signal Processing}",
  year          = 2015,
  note = {in preparation}
}

@ARTICLE{Habets_ITASLP_2008,
author={Emanu{\"e}l A. P. Habets and Sharon Gannot and Israel Cohen and Piet C. W. Sommen},
journal=ITASLP,
title={Joint Dereverberation and Residual Echo Suppression of Speech Signals in Noisy Environments},
year=2008,
month=nov,
volume=16,
number=8,
pages={1433--1451}
}

@ARTICLE{Habets2009a,
  author = {E. A. P. Habets and S. Gannot and I. Cohen},
  title = {Late Reverberant Spectral Variance Estimation Based on a Statistical Model},
  journal = IEEE_J_SPL,
  year = {2009},
  volume = {16},
  pages = {770-774},
  number = {9},
  month = sep,
}    


@ARTICLE{Kinoshita_ITASLP_2010,
author={K. Kinoshita and M. Delcroix and T. Nakatani and M. Miyoshi},
journal=ITASLP, 
title={Suppression of Late Reverberation Effect on Speech Signal Using Long-Term Multiple-step Linear Prediction},
year=2009,
month=may,
volume={17},
number={4},
pages={534--545}
}

@PhdThesis{Sehr_phd,
  author =       {A. Sehr},
  title =        {Reverberation Modeling for Robust Distant-Talking Speech Recognition},
  school =       {Friedrich-Alexander-Universit{\"a}t Erlangen-N{\"u}renberg},
  year =         {2009},
  address = {Erlangen, Germany},
  month =     oct
}

@INPROCEEDINGS{Fozunbar_IWAENC_2008,
    author = {M. Fozunbal and T. Kalker and R. W. Schafer},
    title = {Multi-channel echo control by model learning},
    booktitle = IWAENC,
address = {Seattle, USA},
    year = {2008},
    month = sep,
}

@Book{Deller_book,
  author = 	 {J. R. Deller and J. G. Proakis and J. H. L. Hansen},
  title = 	 {Discrete-time processing of speech signals},
  publisher = 	 {Macmillan Publishing Company},
address = {New York, USA},
  year = 	 {1993}
}

@ARTICLE{Hu_ITASLP_2008, 
author={Y. Hu and P. C. Loizou}, 
journal=ITASLP, 
title={Evaluation of Objective Quality Measures for Speech Enhancement}, 
year={2008}, 
month=jan, 
volume={16}, 
number={1}, 
pages={229--238}
}

@inproceedings{Goetze_AES_2010,
  author = {S. Goetze and E. Albertin and J. Rennies and E. A. P. Habets and K.-D. Kammeyer},
  year = 2010,
  month = Jun,
  title = {Speech quality assessment for listening-room compensation},
  booktitle     = {Proc. AES International Conference on Sound Quality Evaluation},
  pages = {11-20},
  address={Pitea, Sweden},
}


@ARTICLE{Nakatani_ITASLP_2010,
author={T. Nakatani and T. Yoshioka and K. Kinoshita and M. Miyoshi and B.-H. Juang},
journal=ITASLP, 
title={Speech Dereverberation Based on Variance-Normalized Delayed Linear Prediction},
year={2010},
month=sep,
volume={18},
number={7},
pages={1717--1731}
}



@inproceedings{Sehr_IWAENC_2010,
  author        = "A. Sehr and E. A. P. Habets and R. Maas and W. Kellermann",
title = "Towards a better understanding of the effect of reverberation on speech recognition performance",
  booktitle     = IWAENC,
  address       = "Tel Aviv, Israel",
  month         = sep,
  year          = "2010",
}

@ARTICLE{Kumatani_ITASLP_2009,
author={K. Kumatani and J. McDonough and B. Rauch and D. Klakow and P. N. Garner and L. Weifeng},
journal={IEEE Transactions on Audio, Speech, and Language Processing},
title={Beamforming With a Maximum Negentropy Criterion},
year={2009},
month=jul,
volume={17},
number={5},
pages={994--1008}
}

@INPROCEEDINGS{Kameoka_ICASSP_2009,
author={H. Kameoka and T. Nakatani and T. Yoshioka, T.},
booktitle=ICASSP,
title={Robust speech dereverberation based on non-negativity and sparse nature of speech spectrograms},
year={2009},
month=apr,
pages={45--48}
}

@INPROCEEDINGS{Jukic_ICASSP_2014,
author={A. Juki\'c and S. Doclo},
booktitle=ICASSP,
title="{Speech dereverberation using weighted prediction error with Laplacian model of the desired signal}",
year=2014,
address = "Florence, Italy",
month=may,
pages={5172--5176}
}

@InProceedings{vanwaterschoot13-122,
  author =	"{T. Van Waterschoot, B. Defraene, M. Diehl, and M. Moonen}",
  title =	{Embedded optimization algorithms for multi-microphone dereverberation},
  booktitle =	EUSIPCO,
  year =	{2013},
  address =	{Marrakech, Morocco},
  month =	Sep
}
      

@INPROCEEDINGS{Jukic_IWAENC_2014,
author="{A. Juki\'c, T. Van Waterschoot, T. Gerkmann, and S. Doclo}",
booktitle=IWAENC,
title="{Speech dereverberation with convolutive transfer function approximation using MAP and variational deconvolution approaches}",
address = "Antibes, France",
year=2014,
month=sep,
pages={50--54}
}

@ARTICLE{Schmid_ITASLP_2014,
author={D. Schmid and G. Enzner and S. Malik and D. Kolossa and R. Martin},
journal={IEEE/ACM Transactions on Audio, Speech, and Language Processing},
title={{Variational Bayesian inference for multichannel dereverberation and noise reduction}},
year={2014},
month=aug,
volume={22},
number={8},
pages={1320--1335}
}

@ARTICLE{Donoho_IT_2006,
author={D. L. Donoho},
journal={IEEE Transactions on Information Theory},
title={Compressed sensing},
year={2006},
month=apr,
volume={52},
number={4},
pages={1289--1306}
}

@ARTICLE{Candes_IT_2005,
author={E. J. Candes and T. Tao},
journal={IEEE Transactions on Information Theory},
title={Decoding by linear programming},
year={2005},
month=dec,
volume={51},
number={12},
pages={4203--4215}
}

@ARTICLE{Jukic_ITASLP_2015,
author="{A. Juki\'c, T. Van Waterschoot, T. Gerkmann, and S. Doclo}",
journal={IEEE/ACM Transactions on Audio, Speech, and Language Processing},
title={Multi-channel linear prediction-based speech dereverberation with sparse priors},
year=2015,
volume = {23},
number = {9},
pages = {1509--1520},
month = sep,
}

@ARTICLE{Cauchi_EURASIP_2015,
author={B. Cauchi and I. Kodrasi and R. Rehr and S. Gerlach and A. Juki\'c and T. Gerkmann and S. Doclo and S. Goetze},
journal={EURASIP Journal on Advances in Signal Processing},
title={{Combination of MVDR beamforming and single-channel spectral processing for enhancing noisy and reverberant speech}},
year=2015,
volume = 2015,
number = 1,
}

@ARTICLE{Schwartz_ITASLP_2015,
author={B. Schwartz and S. Gannot and E. A. P. Habets},
journal={IEEE/ACM Transactions on Audio, Speech, and Language Processing},
title="{Online speech dereverberation using Kalman filter and EM algorithm}",
year={2015},
month=feb,
volume={23},
number={2},
pages={394--406}
}

@INPROCEEDINGS{Thomas_WASPAA_2011,
author={M. R. P. Thomas and N. D. Gaubitch and P. A. Naylor},
booktitle={IEEE Workshop on Applications of Signal Processing to Audio and Acoustics},
title={Application of channel shortening to acoustic channel equalization in the presence of noise and estimation error},
year={2011},
month={Oct},
address = "New York, USA",
pages={113--116},
}

@ARTICLE{Habets_ITASLP_2013,
author={E. A. P. Habets and J. Benesty},
journal=ITASLP,
title={A Two-Stage Beamforming Approach for Noise Reduction and Dereverberation},
year={2013},
month=may,
volume={21},
number={5},
pages={945--958}
}

@ARTICLE{Togami_ITASLP_2013,
author={M. Togami and Y. Kawaguchi and R. Takeda and Y. Obuchi and N. Nukaga},
journal=ITASLP,
title={Optimized Speech Dereverberation From Probabilistic Perspective for Time Varying Acoustic Transfer Function},
year={2013},
month=jul,
volume={21},
number={7},
pages={1369--1380}
}

@INPROCEEDINGS{Nakatani_ICASSP_2008,
author={T. Nakatani and T. Yoshioka and K. Kinoshita and M. Miyoshi and B.-H. Juang},
booktitle=ICASSP,
title={{Blind speech dereverberation with multi-channel linear prediction based on short time Fourier transform representation}},
year={2008},
pages={85--88},
month = mar,
address = {Las Vegas, USA}
}

@INPROCEEDINGS{Hopgood_Work_2001,
author={J. R. Hopgood and P. J. W. Rayner},
booktitle={Proc. IEEE Signal Processing Workshop on Statistical Signal Processing},
title={A probabilistic framework for subband autoregressive models applied to room acoustics},
year={2001},
month = aug,
address = {Singapore},
pages={492--495}
}

@ARTICLE{Hopgood_ITSAP_2003,
author={J. R. Hopgood and P. J. W. Rayner},
journal={IEEE Transactions on Speech and Audio Processing},
title={Blind single channel deconvolution using nonstationary signal processing},
year={2003},
month=sep,
volume={11},
number={5},
pages={476--488}
}

@ARTICLE{Yoshioka_ITASLP_2011,
author={T. Yoshioka and T Nakatani and M. Miyoshi and H. G. Okuno},
journal=ITASLP,
title={Blind Separation and Dereverberation of Speech Mixtures by Joint Optimization},
year={2011},
month=jan,
volume={19},
number={1},
pages={69--84}
}

@ARTICLE{Jeub_ITASP_2010,
 author={M. Jeub and M. Schafer and T. Esch and P. Vary},
 journal=ITASLP, 
 title={Model-Based Dereverberation Preserving Binaural Cues},
 year={2010},
 month=sep,
 volume={18},
 number={7},
 pages={1732--1745}
}

@ARTICLE{Doclo_ITSP_2002,
author={S. Doclo and M. Moonen},
journal={IEEE Transactions on Signal Processing},
title={{GSVD-based optimal filtering for single and multimicrophone speech enhancement}},
year={2002},
month=sep,
volume={50},
number={9},
pages={2230--2244}
}


@ARTICLE{Spriet_Trans_2002,
author={A. Spriet and M. Moonen and J. Wouters},
title = {A Multi-Channel Subband Generalized Singular Value Decomposition Approach to Speech Enhancement},
journal={European Transactions on Telecommunications},
year={2002},
month=sep,
volume={13},
number={2},
pages={149--158}
}

@INPROCEEDINGS{Kuklasinski_ICASSP_2016,
author={A. Kuklasinski and S. Doclo and J. Jensen},
booktitle=ICASSP,
title="{Maximum likelihood PSD estimation for speech enhancement in reverberant and noisy conditions}",
year={2016},
pages={599--603},
month=mar,
address = {Shanghai, China},
}

@inproceedings{Kuklasinksi_ICASSP_2015,
title = {{Multi-channel PSD estimators for speech dereverberation - a theoretical and experimental comparison}},
author = {A. Kuklasi\'nski and S. Doclo and T. Gerkmann and S. H. Jensen and J. Jensen},
year = "2015",
booktitle = ICASSP,
month = apr,
pages = {91--95},
address = {Brisbane, Australia}
}

@INPROCEEDINGS{Kuklasinski_EUSIPCO_2014g,
author={A. Kuklasi\'nski and S. Doclo and S. H. Jensen and J. Jensen},
booktitle=EUSIPCO,
title={Maximum likelihood based multi-channel isotropic reverberation reduction for hearing aids},
year={2014},
month=sep,
pages = {61--65},
address = "Lisbon, Portugal",
}

@ARTICLE{Mertins_ITASLP_2010,
  author = {Alfred Mertins and Tiemin Mei and Markus Kallinger},
  title = {Room Impulse Response Shortening/Reshaping with Infinity- and $p$-Norm Optimization},
  journal = ITASLP,
  volume = 18,
  pages = {249--259},
  number = 2,
  month = feb,
  year = 2010
}

@article{parikh2014proximal,
  title={Proximal Algorithms},
  author={N. Parikh and S. P. Boyd},
  journal={Foundations and Trends in Optimization},
  volume={1},
  number={3},
  month = jan,
  year={2014},
}


@inproceedings{Chartrand_ICASSP_2014,
  author    = {R. Chartrand},
  title     = {Shrinkage mappings and their induced penalty functions},
  booktitle = ICASSP,
  address = {Florence, Italy},
 month = may,
  pages     = {1026--1029},
  year      = {2014}
}


@Article{Zhang_HINDAWI_2008,
  author = 	 {W. Zhang and P. A. Naylor},
  title = 	 {An Algorithm to Generate Representations of System Identification Errors},
  journal = 	 {Research Letters in Signal Processing},
  year = 	 {2008},
  volume = 	 {2008},
  month = 	 jan
}

@ARTICLE{Habets2008,
  author = {E. A. P. Habets and I. Cohen and S. Gannot},
  title = {Generating nonstationary multisensor signals under a spatial coherence constraint},
  journal = {Journal of the Acoustical Society of America},
  year = {2008},
  volume = {124},
  pages = {2911--2917},
  number = {5},
  month = nov
}

@article{Thiergart_JASA_2012,
    Author = {O. Thiergart and G. Del Galdo and E. A. P. Habets},
    Journal = {Journal of the Acoustical Society of America},
    Number = {4},
    Pages = {2337--2346},
    Title = {On the spatial coherence in mixed sound fields and its application to signal-to-diffuse ratio estimation},
    Volume = {132},
month = oct,
    Year = {2012}} 

@inproceedings{Zhang_IWAENC_2010,
  author        = "Wancheng Zhang and Emanu{\"e}l A. P. Habets and Patrick A. Naylor",
title = "{On the use of channel shortening in multichannel acoustic system equalization}",
  booktitle     = IWAENC,
  address       = "Tel Aviv, Israel",
  month         = sep,
  year          = "2010",
}

@article{Lim_ITASLP_2014,
title = {Robust Multichannel Dereverberation using Relaxed Multichannel Least Squares},
author = {F. Lim and W. Zhang and E. A. P. Habets and P. A. Naylor},
year = 2014,
month = jun,
journal={IEEE/ACM Transactions on Audio, Speech, and Language Processing},
volume = 22,
number = 9,
pages = {1379-1390}
}


@article{Recht_SIAM_2010,
 author = {B. Recht and M. Fazel and P. A. Parrilo},
 title = {Guaranteed Minimum-Rank Solutions of Linear Matrix Equations via Nuclear Norm Minimization},
 journal = {SIAM Review},
 volume = 52,
 number = 3,
 month = aug,
 year = 2010,
 pages = {471--501},
}

@misc{cvx,
  author       = {Michael Grant and Stephen Boyd},
  title        = {{CVX}: Matlab Software for Disciplined Convex Programming, version 2.1},
  howpublished = {\url{http://cvxr.com/cvx}},
  month        = mar,
  year         = 2014
}

@incollection{gb08,
  author    = {Michael Grant and Stephen Boyd},
  title     = {Graph implementations for nonsmooth convex programs},
  booktitle = {Recent Advances in Learning and Control},
  editor    = {V. Blondel and S. Boyd and H. Kimura},
  publisher = {Springer},
 address = {London, UK},
  year      = 2008,
}

@inproceedings{Chen_ACM_2011,
 author = {J. Chen and J. Zhou and J. Ye},
 title = {Integrating Low-rank and Group-sparse Structures for Robust Multi-task Learning},
 booktitle = {International Conference on Knowledge Discovery and Data Mining},
 location = {California, USA},
 pages = {42--50},
} 

@ARTICLE{Liu_ITPAMI_2013, 
author={G. Liu and Z. Lin and S. Yan and J. Sun and Y. Yu and Y. Ma}, 
journal={IEEE Transactions on Pattern Analysis and Machine Intelligence}, 
title={Robust Recovery of Subspace Structures by Low-Rank Representation}, 
year={2013}, 
volume={35}, 
number={1}, 
pages={171--184},  
month=jan,
}

@article{Candes_ACM_2011,
 author = {E. J. Cand\`{e}s and X. Li and Y. Ma and J. Wright},
 title = {Robust Principal Component Analysis?},
 journal = {Journal of the Association for Computing Machinery},
 volume = {58},
 number = {3},
 month = jun,
 year = {2011},
 pages = {11:1--11:37},
} 

@article{Schwartz_ITASLP_2016,
title = {An expectation-maximization algorithm for multi-microphone speech dereverberation and noise reduction with coherence matrix estimation},
author = {O. Schwartz and S. Gannot and E. A. P. Habets},
year = 2016,
month = jun,
journal={IEEE/ACM Transactions on Audio, Speech, and Language Processing},
volume = 22,
number = 9,
pages = {1379-1390}
}


@INPROCEEDINGS{OSchwartz_ICASSP_2015,
author={O. Schwartz and S. Gannot and E. A. P. Habets},
booktitle=ICASSP,
title={Nested generalized sidelobe canceller for joint dereverberation and noise reduction},
year={2015},
pages={106--110},
month={April},
address = {Brisbane, Australia}
}

@Book{Gay_book_2000,
  editor = 	 {S. L. Gay and J. Benesty},
  title = 	 {Acoustic signal processing for telecommunication},
  publisher = 	 {Kluwer Academic Publishers},
  year = 	 {2000},
    address = 	 {Dordrecht, The Netherlands}
}

@InCollection{Elko_bookchap_2000,
  author = 	 {G. Elko},
  title = 	 {Superdirectional microphone arrays},
  booktitle = 	 {Acoustic  signal  processing for telecommunication},
  publisher = {Kluwer Academic Publishers},
  year = 	 {2000},
  editor = 	 {S. L. Gay and J. Benesty},
  address = 	 {Dordrecht, The Netherlands}
}


@Book{Oppenheim_book,
  author = 	 {A. V. Oppenheim and R. W. Schafer},
  title = 	 {Discrete-time signal processing},
  publisher = 	 {Prentice Hall},
address = {New Jersey, USA},
  year = 	 {2009}
}


@INPROCEEDINGS{Ito_ICASSP_2014,
author={N. Ito and S. Araki and T. Nakatani},
booktitle=ICASSP,
title={Probabilistic integration of diffuse noise suppression and dereverberation},
year={2014},
address = "Florence, Italy",
month=May,
pages={5167--5171}
}

@ARTICLE{Yoshioka_ITASLP_2009,
author={T. Yoshioka and T. Nakatani and M. Miyoshi},
journal=ITASLP,
title={Integrated Speech Enhancement Method Using Noise Suppression and Dereverberation},
year={2009},
month=feb,
volume={17},
number={2},
pages={231--246}
}

@book{Naylor_Derev_book,
 editor = {P. A. Naylor and N. D. Gaubitch},
 title = {Speech dereverberation},
 year = {2010},
 publisher = {Springer},
address = {London, UK}
} 

@book{Kay_book,
 author = {S. M. Kay},
 title = {Fundamentals of statistical signal processing: estimation theory},
 year = 1993,
 publisher = {Prentice Hall},
address = {New Jersey, USA}
} 



@INPROCEEDINGS{Lim_IWAENC_2014,
author={Lim, F. and Naylor, P.A.},
booktitle=IWAENC,
title={Statistical modelling of multichannel blind system identification errors},
year={2014},
month=sep,
address = "Antibes, France",
pages={119--123}
}

@INPROCEEDINGS{Gaubitch_ICASSP_2006,
author={N. D. Gaubitch and T. Hasan and P. A. Naylor},
booktitle=ICASSP,
title={Noise Robust Adaptive Blind Channel Identification Using Spectral Constraints},
year={2006},
month=may,
volume={5},
}

@ARTICLE{Hasan_IVISP_2005,
author={M. K. Hasan and N. M. Hossain and P. A. Naylor},
journal={IEE Proceedings on Vision, Image and Signal Processing},
title="{Autocorrelation model-based identification method for ARMA systems in noise}",
year={2005},
month=oct,
volume={152},
number={5},
pages={520--526}
}

@ARTICLE{Haque_SPL_2008,
author={M. A. Haque and T. Hasan},
journal=IEEE_J_SPL,
title="Noise Robust Multichannel Frequency-Domain {LMS} Algorithms for Blind Channel Identification",
year={2008},
month=feb,
volume={15},
pages={305--308}
}

@INPROCEEDINGS{Thiergart_ICASSP_2013,
author={O. Thiergart and E. A. P. Habets},
booktitle=ICASSP,
title="{An informed LCMV filter based on multiple instantaneous direction-of-arrival estimates}",
year={2013},
pages={659--663},
month=may,
address = {Vancouver, Canada}
}

@INPROCEEDINGS{Thiergart_ICASSP_2012,
author={O. Thiergart and G. Del Galdo and E. A. P. Habets},
booktitle=ICASSP,
title={Signal-to-reverberant ratio estimation based on the complex spatial coherence between omnidirectional microphones},
year={2012},
pages={309-312},
month=mar,
address = {Kyoto, Japan}
}

@ARTICLE{Haque_ITASLP_2011,
author={M. A. Haque and T. Islam and M. K. Hasan},
journal=ITASLP, 
title={Robust Speech Dereverberation Based on Blind Adaptive Estimation of Acoustic Channels},
year={2011},
month=may,
volume={19},
number={4},
pages={775--787}
}

@INPROCEEDINGS{Kodrasi_IWAENC_2014,
author={I. Kodrasi and S. Doclo},
booktitle=IWAENC,
title={Joint dereverberation and noise reduction based on acoustic multichannel equalization},
year={2014},
address = {Antibes, France},
month=sep,
pages={139--143}
}

@INPROCEEDINGS{Kodrasi_IEEEI_2012,
author={I. Kodrasi and S. Goetze and S. Doclo},
booktitle={Proc. IEEE Convention of Electrical and Electronics Engineers in Israel},
title={Non-intrusive Regularization for Least-Squares Multichannel Equalization for Speech Dereverberation},
year={2012},
address = {Eilat, Israel},
month=nov,
}

@inproceedings{Kodrasi_EUSIPCO_2013,
  author        = "Ina Kodrasi and Simon Doclo",
title = {Regularized Subspace-Based Acoustic Multichannel Equalization for Speech Dereverberation},
  booktitle     = EUSIPCO,
  address       = "Marrakech, Morocco",
  month         = Sep,
  year          = "2013"
}

@inproceedings{Kodrasi_ICASSP_2013,
  author        = "Ina Kodrasi and Stefan Goetze and Simon Doclo",
title = "{A perceptually constrained channel shortening technique for speech dereverberation}",
  booktitle     = ICASSP,
  address       = "Vancouver, Canada",
  month         = may,
  year          = 2013,
pages = "151--155"
}


@inproceedings{Kodrasi_ICASSP_2016,
  author        = "Ina Kodrasi and Ante Juki\'c and Simon Doclo",
title = "{Robust sparsity-promoting acoustic multi-channel equalization for speech dereverberation}",
  booktitle     = ICASSP,
  address       = "Shanghai, China",
  month         = mar,
  year          = 2016
}


@inproceedings{Kodrasi_ICASSP_2017,
  author        = "Ina Kodrasi and Simon Doclo",
title = "{Late reverberant power spectral density estimation based on an eigenvalue decomposition}",
  booktitle     = ICASSP,
  address       = "New Orleans, USA",
  month         = mar,
  year          = 2017,
  pages = {611--615},
}


@Article{Warzybok_JASA_2012,
  author = 	 {Anja Warzybok and Jan Rennies and Thomas Brand and Simon Doclo and Birger Kollmeier},
  title = 	 {Effects of spatial and temporal integration of a single early reflection on speech intelligibility},
  journal = 	 {Journal of the Acoustical Society of America},
  year = 	 {2013},
month = jan,
pages = {269--282},
volume = {133},
number = {1}
}

@inproceedings{Warzybok_Acusticum_2011,
  author        = "Anja Warzybok and Jan Rennies and Simon Doclo and Birger Kollmeier",
title = "{Influence of early reflections on speech intelligibility under different noise conditions}",
  booktitle     = "{Proc. Forum Acusticum}",
  address       = "Aalborg, Denmark",
  month         = jun,
  year          = "2011",
pages = "1149--1154"
}


@article{Arweiler_JASA_2011,
  author        = "I. Arweiler and J. M. Buchholz",
  title         = "{The influence of spectral characteristics of early reflections on speech intelligibility}",
  journal       = JASA,
  volume        = "130",
  number        = "2",
  month         = aug,
  year          = "2011",
  pages         = "996--1005"
}


@ARTICLE{Hacihabibouglu_ITASLP_2012,
author={H. Hacihabibouglu and Z. Cvetkovic},
journal=ITASLP, 
title={Multichannel Dereverberation Theorems and Robustness Issues},
year={2012},
month=feb,
volume={20},
number={2},
pages={67--689}
}

@inproceedings{Kodrasi_ICASSP_2014,
  author        = "Ina Kodrasi and Timo Gerkmann and Simon Doclo",
  title = "{Frequency-domain single-channel inverse filtering for speech dereverberation: theory and practice}",
  booktitle     = ICASSP,
  address       = "Florence, Italy",
  month         = may,
  year          = "2014",
pages = "5214--5218"
}

@inproceedings{Kodrasi_ICASSP_2012,
  author        = "Ina Kodrasi and Simon Doclo",
title = "{Robust partial multichannel equalization techniques for speech dereverberation}",
  booktitle     = ICASSP,
  address       = "Kyoto, Japan",
  month         = mar,
  year          = "2012",
pages = "537--540"
}

@ARTICLE{Champagne_ITSAP_1996,
author={B. Champagne and S. Bedard and A. Stephenne, A.},
journal={IEEE Transactions on Speech and Audio Processing},
title={Performance of time-delay estimation in the presence of room reverberation},
year={1996},
month=mar,
volume={4},
number={2},
pages={148--152}
}

@ARTICLE{Yoshioka_ISPM_2012,
  author    = {T. Yoshioka and A. Sehr and M. Delcroix and K. Kinoshita and R. Maas and T. Nakatani and W. Kellermann},
  title     = {Making Machines Understand Us in Reverberant Rooms: Robustness against Reverberation for Automatic Speech Recognition},
  journal   = {IEEE Signal Processing Magazine},
  year      = {2012},
  month     = nov,
  volume    = {29},
  number    = {6},
  pages     = {114--126},
}



@inproceedings{Maas_ICASSP_2012,
  author        = "R. Maas and E. A. P. Habets and A. Sehr and W. Kellermann",
title = "{On the application of reverberation suppression to robust speech recognition}",
  booktitle     = ICASSP,
  pages = "297--300",
  address       = "Kyoto, Japan",
  month         = mar,
  year          = 2012
}

@INPROCEEDINGS{Habets_SPIT_2006,
author={E. A. P. Habets and S. Gannot and I. Cohen},
booktitle={Proc. IEEE International Symposium on Signal Processing and Information Technology},
title={Dual-Microphone Speech Dereverberation in a Noisy Environment},
year={2006},
month=aug,
pages={651--655}
}


@ARTICLE{OSchwartz_ITASLP_2015,
author={O. Schwartz and S. Gannot and E. A. P. Habets},
journal={IEEE/ACM Transactions on Audio, Speech, and Language Processing},
title={Multi-Microphone Speech Dereverberation and Noise Reduction Using Relative Early Transfer Functions},
year={2015},
month=feb,
volume={23},
number={2},
pages={240--251}
}

@InCollection{Simmer_book_2001,
  author = 	 {K. U. Simmer and J. Bitzer and C. Marro},
  title = 	 {Post-filtering techniques},
  booktitle = 	 {Microphone Arrays},
  publisher = {Springer},
  year = 	 2001,
  address = {Berlin, Germany},
  editor = 	 {M. Brandstein and D. Ward}
}



@Book{Davis_book_2002,
  editor = 	 {G. M. Davis},
  title = 	 {Noise reduction in speech applications},
  publisher = 	 {CRC Press},
  address = {New York, USA},
  year = 	 {2002}
}

@Book{Brandstein_book_2001,
  editor = 	 {M. Brandstein and D. Ward},
  title = 	 {Microphone arrays: Signal processing techniques and applications},
  publisher = 	 {Springer},
  address = {Berlin, Germany},
  year = 	 {2001}
}

@InCollection{Simmer_book2_2001,
  author = 	 {K. U. Simmer and J. Bitzer and C. Marro},
  title = 	 {Superdirective microphone arrays},
  booktitle = 	 {Microphone Arrays},
  publisher = {Springer},
  year = 	 {2001},
  address = {Berlin, Germany},
  editor = 	 {M. Brandstein and D. Ward}
}

@ARTICLE{Cox_ITASSP_1986,
author={H. Cox and R. M. Zeskind and T. Kooij},
journal={IEEE Transactions on Acoustics, Speech and Signal Processing},
title={Practical supergain},
year={1986},
month=jun,
volume={34},
number={3},
pages={393--398}
}

@INPROCEEDINGS{Braun_EUSIPCO_2013,
author={S. Braun and E. A. P. Habets},
booktitle=EUSIPCO,
title={Dereverberation in noisy environments using reference signals and a maximum likelihood estimator},
address = "Marrakech, Morocco",
year={2013},
month=sep
}

@article{Gerkmann_2012,
author={T. Gerkmann and R. C. Hendriks},
journal=ITASLP,
title="{Unbiased MMSE-based noise power estimation with low complexity and low tracking delay}",
year={2012},
volume={20},
number={4},
month = may,
pages={1383--1393}
}

@inproceedings{Breithaupt_2008,
author={C. Breithaupt and T. Gerkmann and R. Martin},
booktitle=ICASSP,
title="{A novel a priori SNR estimation approach based on selective cepstro-temporal smoothing}",
year={2008},
pages={4897-4900},
month = apr,
address = "Las Vegas, USA"
}

@article{Neely_JASA_1979,
    author = {S. T. Neely and J. B. Allen},
    journal = {The Journal of the Acoustical Society of America},
    number = {1},
    pages = {165--169},
    month = feb,
    title = {{Invertibility of a room impulse response}},
    volume = {66},
    year = {1979}
}



@inproceedings{Mourjopoulos_1982,
    author={J. Mourjopoulos and P. Clarkson and J. Hammond},
    booktitle = ICASSP,
    title={A comparative study of least-squares and homomorphic techniques for the inversion of mixed phase signals},
    year=1982,
    month = may,
    pages={1858-1861},
    address = "Paris, France"
}

@INPROCEEDINGS{Haneda_ICASSP_1992,
author={Y. Haneda and S. Makino and Y. Kaneda},
booktitle=ICASSP,
title={Modeling of a room transfer function using common acoustical poles},
year={1992},
address = {San Francisco, USA},
month=mar,
volume={2},
pages={213--216}
}

@article{Mourjopoulos_1991,
    author={J. Mourjopoulos and M. Paraskevas},
    journal={Journal of Sound and Vibration},
    title={Pole and zero modeling of room transfer functions},
    year={1991},
volume={146},
number={1},
month = apr,
pages={281--302}
}

@InProceedings{Vairetti_EUSIPCO_2014,
  author =	"{G. Vairetti, T. Van Waterschoot, M. Moonen, M. Catrysse, and S. H. Jensen}",
  title =	{Sparse linear parametric modeling of room acoustics with orthonormal basis functions},
  booktitle =	EUSIPCO,
  year =	{2014},
  address =	{Lisbon, Portugal},
  month =	Sep
}

@article{Mourjopoulos_1994,
    author={J. N. Mourjopoulos},
    journal={Journal of Audio Engineering Society},
    title={Digital equalization of room acoustics},
    year={1994},
    month = nov,
volume={42},
number={11},
pages={884--900}
}

@ARTICLE{Griffiths_IAP_1982,
author={L. J. Griffiths and C. W. Jim},
journal={IEEE Transactions on Antennas and Propagation},
title={An alternative approach to linearly constrained adaptive beamforming},
year={1982},
month=jan,
volume={30},
number={1},
pages={27--34}
}

@article{Ward_JASA_1995,
    author = {D. B. Ward and R. A. Kennedy and R. C. Williamson},
    journal = {The Journal of the Acoustical Society of America},
    number = {2},
    pages = {91--95},
    month = feb,
    title = {Theory and design of broadband sensor arrays with frequency invariant far-field beam patterns},
    volume = {97},
    year = {1995}
}

@article{Hughes_CM_2008,
    author = {C. P. Hughesa and A. Nikeghbalia},
    journal = {Compositio Mathematica},
    number = {3},
    pages = {734--746},
    month = may,
    title = {{The zeros of random polynomials cluster uniformly near the unit circle}},
    volume = {144},
    year = {2008}
}


@INPROCEEDINGS{Kodrasi_EUSIPCO_2012,
author={I. Kodrasi and S. Doclo},
booktitle=EUSIPCO,
title={The Effect of Inverse Filter Length on the Robustness of Acoustic Multichannel Equalization},
address = "Bucharest, Romania",
year={2012},
month=aug
}

@article{ShapiroWilk1965,
  author = {S. S. Shapiro and M. B. Wilk},
  journal = {Biometrika},
  month = {Dec.},
  number = {3/4},
  pages = {591--611},
  title = {An Analysis of Variance Test for Normality (Complete Samples)},
  volume = 52,
  year = 1965
}


@article{Holz_corr,
    author = {S. Holm},
    journal = {Scandinavian Journal of Statistics},
    pages = {65--70},
    title = {{A simple sequentially rejective multiple test procedure}},
    volume = {6},
    number = 2,
    year = {1979}
}


@INPROCEEDINGS{Warzybok_IWAENC_2014,
author={A. Warzybok and I. Kodrasi and J. O. Jungmann and E. A. P. Habets and T. Gerkmann and A. Mertins and S. Doclo and B. Kollmeier and S. Goetze},
booktitle=IWAENC,
title={Subjective speech quality and speech intelligibility evaluation of single-channel dereverberation algorithms},
address = "Antibes, France",
year=2014,
month=sep,
pages = {333--337},
}

@INPROCEEDINGS{Goetze_IWAENC_2014,
author={S. Goetze and A. Warzybok and I. Kodrasi and J. O. Jungmann and B. Cauchi and J. Rennis and E. A. P. Habets and A. Mertins and T. Gerkmann and S. Doclo and B. Kollmeier},
booktitle=IWAENC,
title={A Study on Speech Quality and Speech Intelligibility Measures for Quality Assessment of Single-Channel Dereverberation Algorithms},
address = "Antibes, France",
year=2014,
month=sep,
pages = {234--238},
}

@INPROCEEDINGS{Kodrasi_IWAENC_2012,
author={I. Kodrasi and S. Goetze and S. Doclo},
booktitle=IWAENC,
title={Increasing the Robustness of Acoustic Multichannel Equalization by Means of Regularization},
address = "Aachen, Germany",
year=2012,
month=sep,
pages = {161--164},
}

@INPROCEEDINGS{Eaton_WASPAA_2015, 
author={J. Eaton and N. D. Gaubitch and A. H. Moore and P. A. Naylor}, 
booktitle={Proc. IEEE Workshop on Applications of Signal Processing to Audio and Acoustics}, 
title={{The ACE challenge - Corpus description and performance evaluation}}, 
year=2015, 
month=oct,
address = {New York, USA},
}

@Article{REVERB2016,
  Title                    = "{A summary of the REVERB challenge: state-of-the-art and remaining challenges in reverberant speech processing research}",
  Author                   = {K. Kinoshita and M. Delcroix and S. Gannot and E. A. P. Habets and R. Haeb-Umbach and W. Kellermann and V. Leutnant and R. Maas and T. Nakatani and B. Raj and A. Sehr and T. Yoshioka},
  Journal                  = {EURASIP Journal on Advances in Signal Processing},
  Year                     = {2016},
  volume="2016",
number="1",
pages="1--19",
month = jan
}

@InProceedings{Cauchi_Reverb_2014,
  author = 	 {B. Cauchi and I. Kodrasi and R. Rehr and S. Gerlach and A. Juki\'c and T. Gerkmann and S. Doclo and S. Goetze},
  title = 	 {Joint dereverberation and noise reduction using beamforming and a single-channel speech enhancement scheme},
  booktitle = "{Proc. REVERB challenge workshop}",
  year = 	 {2014},
  month = 	 may,
  address = 	 {Florence, Italy}
}

@InProceedings{Wisdom_Reverb_2014,
  author = 	 {S. Wisdom and T. Powers and L. Atlas and J. Pitton},
  title = 	 {Enhancement of reverberant and noisy speech by extending its coherence},
  booktitle = "{Proc. REVERB challenge workshop}",
  year = 	 {2014},
  month = 	 may,
  address = 	 {Florence, Italy}
}


@InCollection{Doclo_Chap_2010,
  author = 	 {S. Doclo and S. Gannot and M. Moonen and A. Spriet},
  title = 	 {Acoustic beamforming for hearing aid applications},
  booktitle = 	 {Handbook on Array Processing and Sensor Networks},
  publisher = {John Wiley \& Sons},
  year = 	 2010,
  editor = 	 {S. Haykin and K. J. R. Liu},
  address = 	 {Hoboken, USA}
}


@article{Schroeder_JASA_1987,
		title = {Statistical Parameters of the Frequency Response Curves of Large Rooms},
		author = {M. R. Schroeder},
		journal = JASA,
		volume = {35},
		number = {5},
		month = may,
		pages = {299--306},
		year = {1987}
		}



@InProceedings{Habets_HCSMA_2005,
  author = 	 {E. A. P. Habets},
  title = 	 {Speech dereverberation based on a statistical model of late reverberation using a linear microphone array},
  booktitle = {Proc. Joint Workshop on Hands-Free Speech Communication and Microphone Arrays},
  year = 	 {2005},
  address = 	 {Piscataway, USA},
  month = 	 mar,
}

@PhdThesis{Polack_PhD,
  author = 	 {J. D. Polack},
  title = 	 {La transmission de l'energie sonore dans les salles},
  school = 	 {Universit\'e du Maine},
  year = 	 {1988},
  address = 	 {Le Mans, France},
  month =     dec
}

@article{Candes_ACM_2012,
  author    = {E. J. Cand{\`{e}}s and B. Recht},
  title     = {Exact matrix completion via convex optimization},
  journal   = {Communications of the  Association for Computing Machinery},
  volume    = {55},
  number    = {6},
  pages     = {111--119},
  year      = {2012},
  month = jun,
}

@PhdThesis{Fazel_phd,
  author = 	 {M. Fazel},
  title = 	 {Matrix Rank Minimization with Applications},
  school = 	 {Stanford University},
  year = 	 {2002},
  month = mar,
  address = {California, USA}
}


@Book{Benesty_SE_2005,
  editor = 	 {J. Benesty and S. Makino and J. Chen},
  title = 	 {Speech enhancement},
  publisher = 	 {Springer},
  year = 	 {2005},
  address = 	 {Berlin, Germany}
}

@INPROCEEDINGS{Dokmanic_ICASSP_2011,
author={I. Dokmanic and Y. M. Lu and M. Vetterli},
booktitle=ICASSP,
title="{Can one hear the shape of a room: The 2-D polygonal case}",
year={2011},
month=may,
pages={321--324},
address = {Prague, Czech Republic},
}

@INPROCEEDINGS{Schwartz_EUSIPCO_2016,
author={O. Schwartz and S. Gannot and E. A. P. Habets},
booktitle=EUSIPCO,
title={{Joint estimation of late reverberant and speech power spectral densities
               in noisy environments using Frobenius norm}},
year={2016},
pages     = {1123--1127},
address = {Budapest, Hungary},
month=sep,
}


@ARTICLE{Antonacci_ITASL_2012,
author={F. Antonacci and J. Filos and M. R. P. Thomas and E. A. P. Habets and A. Sarti and P. A. Naylor and S. Tubaro},
journal=ITASLP,
title={Inference of Room Geometry From Acoustic Impulse Responses},
year={2012},
month=dec,
volume={20},
number={10},
pages={2683--2695}
}

@INPROCEEDINGS{Moore_EUSIPCO_2013,
author={A. H. Moore and M. Brookes and P. A. Naylor},
booktitle=EUSIPCO,
title={Room geometry estimation from a single channel acoustic impulse response},
year={2013},
address =	{Marrakech, Morocco},
month=sep,
}

@ARTICLE{Gannot_ITSP_2001,
author={S. Gannot and D. Burshtein and E. Weinstein, E.},
journal={IEEE Transactions on Signal Processing},
title={Signal enhancement using beamforming and nonstationarity with applications to speech},
year={2001},
month=aug,
volume={49},
number={8},
pages={1614--1626}
}

@ARTICLE{Krueger_ITASLP_2011,
author={A. Krueger and E. Warsitz and R. Haeb-Umbach},
journal=ITASLP,
title="{Speech enhancement with a GSC-like structure employing eigenvector-based transfer function ratios estimation}",
year={2011},
month=jan,
volume={19},
number={1},
pages={206--219}
}

@ARTICLE{Doclo_SPM_2015,
author={S. Doclo and W. Kellermann and S. Makino and S. E. Nordholm},
journal={IEEE Signal Processing Magazine},
title={Multichannel signal enhancement algorithms for assisted listening devices: Exploiting spatial diversity using multiple microphones},
year={2015},
month=mar,
volume={32},
number={2},
pages={18--30}
}

@INPROCEEDINGS{Zhang_EUSIPCO_2009,
author={W. Zhang and P. A. Naylor},
booktitle=EUSIPCO,
title={An experimental study of the robustness of multichannel inverse filtering systems to near-common zeros},
year={2009},
month=aug,
address = {Glasgow, Scotland},
pages={194--198}
}

@Inproceedings{Thomas_IWAENC_2010,
address      = {Tel Aviv, Israel},
author       = {M. R. P. Thomas and N. D. Gaubitch and E. A. P. Habets and P. A. Naylor},
booktitle    = IWAENC,
month        = aug,
title        = "{Supervised identification and removal of common filter components in adaptive
                blind SIMO system identification}",
year         = {2010},
}

@inproceedings{Eaton2015,
title = {Direct-to-reverberant ratio estimation using a null-steered beamformer},
author = {J. Eaton and A. Moore and P. A. Naylor and J. Skoglund},
year = {2015},
pages = {46--50},
month = apr,
booktitle = ICASSP,
address = {Brisbane, Australia},
}

@ARTICLE{Hioka_2011,
author={Y. Hioka and K. Niwa and S. Sakauchi and K. Furuya and Y. Haneda},
journal={IEEE Transactions on Audio, Speech, and Language Processing},
title="{Estimating direct-to-reverberant energy ratio using D/R spatial correlation matrix model}",
year={2011},
month=nov,
volume={19},
number={8},
pages={2374--2384}
}

@ARTICLE{Falk_2010,
author={T. H. Falk and Z. Chenxi and C. Wai-Yip},
journal={IEEE Transactions on Audio, Speech, and Language Processing},
title={A Non-Intrusive Quality and Intelligibility Measure of Reverberant and Dereverberated Speech},
year={2010},
month=sep,
volume={18},
number={7},
pages={1766--1774}
}

@INPROCEEDINGS{Hasan_EUSIPCO_2005,
author={M. K. Hasan and J. Benesty and P. A. Naylor and D. B. Ward},
booktitle=EUSIPCO,
title={Improving robustness of blind adaptive multichannel identification algorithms using constraints},
year={2005},
address = {Antalya, Turkey},
month=sep,
}

@ARTICLE{Lin_ITASLP_2012,
author={L. Xiang and A. W. H Khong and P. A. Naylor},
journal=ITASLP, 
title={A Forced Spectral Diversity Algorithm for Speech Dereverberation in the Presence of Near-Common Zeros},
year=2012,
month=mar,
volume=20,
number=3,
pages={888--899}
}

 @Article{Spriet_SP_2004,
  author = 	 {A. Spriet and M. Moonen and J. Wouters},
  title = 	 "{Spatially pre-processed speech distortion weighted multi-channel Wiener filtering for noise reduction}",
  journal = 	 {Signal Processing},
  year = 	 {2004},
  volume = 	 {84},
  number = 	 {12},
  pages = 	 {2367--2387},
  month = 	 dec
}

@BOOK{Nocedal_book,
       author = "J. Nocedal and S. J. Wright",
       title = "{Numerical Optimization}",
       publisher = "Springer",
       year = "2006",
       address = "New York, USA",
} 

@Article{Xiong_EURASIP_2015, 
author={F. Xiong and B. T. Meyer and N. Moritz and R. Rehr and J. Anem{\"u}ller and T. Gerkmann and S. Doclo and S. Goetze},
title="{Front-end technologies for robust ASR in reverberant environments--spectral enhancement-based dereverberation and auditory modulation filterbank features}",
journal="EURASIP Journal on Advances in Signal Processing",
year="2015",
volume="2015",
number="1",
pages="1--18",
month = aug
}

@INPROCEEDINGS{Jensen_ICASSP_2015,
author={J. Jensen and M. S. Pedersen},
booktitle=ICASSP,
title={Analysis of beamformer directed single-channel noise reduction system for hearing aid applications},
year={2015},
pages={5728--5732},
month=apr,
address = {Brisbane, Australia}
}

@article{Natarajan_SIAM_1995,
 author = {B. K. Natarajan},
 title = {Sparse Approximate Solutions to Linear Systems},
 journal = {SIAM Journal on Computing},
 volume = {24},
 number = {2},
 month = apr,
 year = {1995},
 pages = {227--234},
 numpages = {8},
} 


@article{Thiergart_ITASLP_2014,
        Author = {O. Thiergart and M. Taseska and E. A. P. Habets},
        Journal = {IEEE/ACM Transactions on Audio, Speech, and Language Processing},
        Month = dec,
        Number = {12},
        Pages = {2182--2196},
        Title = {An Informed Parametric Spatial Filter Based on Instantaneous
Direction-of-Arrival Estimates},
        Volume = {22},
        Year = {2014}
	}



@article{Doclo_SC_2007,
 author = {S. Doclo and A. Spriet and J. Wouters and M. Moonen},
 title = {{Frequency-domain criterion for the speech distortion weighted multichannel Wiener filter for robust noise reduction}},
 journal = {Speech Communication},
 volume = {49},
 number = {7-8},
 month = jul,
 year = {2007},
 pages = {636--656}
} 


@ARTICLE{Li_ITASLP_2016,
author={X. Li and L. Girin and R. Horaud and S. Gannot},
journal={IEEE/ACM Transactions on Audio, Speech, and Language Processing},
title={Estimation of the Direct-Path Relative Transfer Function for Supervised Sound-Source Localization},
year={2016},
note = {in press}
}




