@InCollection{MAbook2,
author = {J. Bitzer and K. U. Simmer},
title = {Superdirective microphone arrays},
booktitle = {Microphone Arrays: Signal Processing Techniques and Applications},
pages = {19--37},
publisher = {Springer Verlag},
year = {2001},
chapter = {2},
}

@INPROCEEDINGS{Goodwin_optimization_2005,
author={Goodwin, M. M.},
booktitle={Proc. IEEE Workshop on Applications of Signal Processing to Audio and Acoustics}, 
title={Cost-constrained broadband array design based on optimal spacing},
year=2005,
month={Oct.},
address = {New Paltz, NY},
pages={98--101},
}

@InProceedings{kajala_broadband_99,
author = {Kajala, M. and H\"am\"al\"ainen, M.},
title = {Broadband beamforming optimization for speech enhancement in noisy environments},
booktitle = {Proc. IEEE Workshop on Applications of Signal Processing to Audio and Acoustics},
pages = {19--22},
year = {1999},
address = {New Paltz, NY},
month = {Oct.},
}

@InCollection{Elkobook,
author = {G. Elko},
title = {Superdirectional Microphone Arrays},
booktitle = {Acoustic Signal Processing for Telecommunication},
pages = {181--237},
publisher = {Kluwer Academic Publishers},
year = {2000},
chapter = {10},
address = {Boston},
}

@Manual{ANSI,
title = {American National Standard Specification for Octave-Band and Fractional-Octave-Band Analog and Digital Filters},
organization = {American National Standards Institute},
year = {1986},
}

@Article{skolnik_dynamic_64,
author = {M. I. Skolnik and G. Nemhauser and J. W. Sherman},
title = {Dynamic programming applied to unequally spaced arrays},
journal = {IEEE Transactions on Antennas and Propagation},
year = {1964},
month = {Jan.},
volume = {12},
number = {1},
pages = {35--43}
}

@InProceedings{ITG,
author = {S. Gergen and N. Madhu and R. Martin},
title = {A new performance criterion for microphone array geometries and filter-and-sum beamforming},
booktitle = {Proc. ITG Conference on Speech Communication},
year = {2010},
month = {Oct.},
address = {Bochum, Germany},
}

@InProceedings{planar,
author = {R. Martin and A. Petrovsky and T. Lotter},
title = {Planar Superdirective Microphone Arrays for Speech Acquisition in the Car},
booktitle = {Proc. European Conference on Speech Communication and Technology },
year = {2001},
month = {Sep.},
pages  ={2623--2626},
address = {Aalborg, Denmark},
}

@Article{doclomoonensd,
author = {S. Doclo and M. Moonen},
title = {Superdirective Beamforming Robust Against Microphone Mismatch},
journal = {IEEE Transactions on Audio, Speech, and Language Processing},
year = {2007},
volume = {15},
number = {2},
pages = {617--631},
month = {Feb.},
}

@InBook{GAbook,
author = {C. R. Reeves and J. E. Rowe},
title = {Genetic algorithms - principles and perspectives},
chapter = {2},
publisher = {Kluwer Academic Publishers},
year = {2003},
address = {Massachusetts},
pages = {19--60},
}
