@string{ICASSP="Proc. ICASSP"}
@string{ICASSP="Proc. International Conference on Acoustics, Speech, and Signal Processing~(ICASSP)"}
@string{JASA="Journal of the Acoustical Society of America"}
@string{ITSAP="{IEEE} Transactions on Speech and Audio Processing"}
@string{ITSP="{IEEE} Transactions on Signal Processing"}
@string{ITASSP="{IEEE} Transactions on Acoustics, Speech, and Signal Processing"}
%@string{IWAENC="Proc. IWAENC"}
@string{IWAENC="Proc. International Workshop on Acoustic Echo and Noise Control~(IWAENC)"}
%@string{EUSIPCO="Proc. EUSIPCO"}
@string{EUSIPCO="Proc. European Signal Processing Conference~(EUSIPCO)"}
@string{IEEE_J_SPL="IEEE Signal Processing Letters"}
@string{ITASLP="{IEEE} Transactions on Audio, Speech, and Language Processing"}

@InCollection{Thompson_Submat_book,
  author = 	 {Robert Thompson},
  title = 	 "{P}rincipal {S}ubmatrices {IX}: {I}nterlacing {I}nequalities for {S}ingular {V}alues of {S}ubmatrices",
  booktitle = 	 {Linear Algebra and its Applications},
  pages = 	 {1--12},
  year = 	 {1972},
  volume = 	 {5}
}


@inproceedings{Kodrasi_EUSIPCO_2013,
  author        = "Ina Kodrasi and Simon Doclo",
title = "{Regularized Subspace-Based Acoustic Multichannel Equalization for Speech Dereverberation}",
  booktitle     = EUSIPCO,
  address       = "Marrakech, Morocco",
  month         = Sep,
  year          = "2013"
}

@inproceedings{Kodrasi_ICASSP_2013,
  author        = "Ina Kodrasi and Stefan Goetze and Simon Doclo",
title = "{A perceptually constrained channel shortening technique for speech dereverberation}",
  booktitle     = ICASSP,
  address       = "Vancouver, Canada",
  month         = may,
  year          = "2013",
pages = "151--155"
}


@inproceedings{Kallinger_ICASSP_2006,
  author        = "Markus Kallinger and Alfred Mertins",
title = "{Multi-channel room impulse response shaping - a study}",
  booktitle     = ICASSP,
  address       = "Toulouse, France",
  month         = may,
  year          = "2006",
  pages         = "101--104"
}


@article{Houtgast_1985,
    author = {Tammo Houtgast and Herman J. M. Steeneken},
    journal = JASA,
    number = 3,
    pages = {1069--1077},
    title = {{A review of the MTF concept in room acoustics and its use for estimating speech intelligibility in auditoria}},
    volume = 77,
	  month = mar,
    year = 1985
}


@book{shafarevic_algebra_book,
 author = {Igor R. Shafarevich and Alexey O. Remizov},
 title = {Linear algebra and geometry},
 year = 2010,
 publisher = {Springer Publishing Company}
} 

@article{Hansen_1993,
 author = {Per Christian Hansen and Dianne Prost O'Leary},
 title = "{The use of the L-curve in the regularization of discrete ill-posed problems}",
 journal = {SIAM Journal on Scientific Computing},
 volume = {14},
 number = {6},
 month = nov,
 year = {1993},
 pages = {1487--1503},
 publisher = {Society for Industrial and Applied Mathematics},
 address = {Philadelphia, PA, USA}
} 


@Book{Golub_Matrix_book,
author = 	 "{G. Golub and C. Van Loan}",
  title = 	 "Matrix Computations",
  publisher = 	 "The John Hopkins University Press",
  year = 	 {1996},
  address = 	 {Baltimore, Maryland},
  edition = 	 {3}
}

@article{Harikumar_ITSP_1998,
  author        = "Gopal Harikumar and Yoram Bresler",
  title         = "{FIR perfect signal reconstruction from multiple convolutions: minimum deconvolver orders}",
  journal       = ITSP,
  volume    = {46},
  number    = {1},
  month = jan,
  year      = {1998},
  pages     = {215--218},
}

@article{Omologo_1998,
 author = {M. Omologo and P. Svaizer and M. Matassoni},
 title = {Environmental conditions and acoustic transduction in hands-free speech recognition},
 journal = {Speech Communication},
 volume = {25},
 number = {1--3},
 month = aug,
 year = {1998},
 pages = {75--95}
}


@InBook{Horn_Mat_book,
  author = 	 "Roger Horn and Charles Johnson",
  title = 	  "{T}opics in {M}atrix {A}nalysis",
  chapter = "3",
  publisher = 	 {Cambridge University Press},
  year = 	 {1999}
}

@article{Cho_ITSA_1999,
  author        = "Jun Cho and Dennis Morgan and Jacob Benesty",
  title         = "{An objective technique for evaluating doubletalk detectors in acoustic echo cancelers}",
  journal       = ITSAP,
  volume    = 7,
  number    = 6,
  month = nov,
  year      = 1999,
  pages     = {718--724},
}

@INPROCEEDINGS{Farina_2000,
    author = {A. Farina},
    title = {Simultaneous measurement of impulse response and distortion with a swept-sine technique},
    booktitle = {Proc. 108th AES Convention},
    year = {2000},
    month = feb,
    address       = "Paris, France",
    pages = {18--22}
}

@article{Radlovic_ITSA_2000,
  author        = "Biljana D. Radlovic and Robert C. Williamson and Rodney A. Kennedy",
  title         = "{Equalization in an acoustic reverberant environment: robustness results}",
  journal       = ITSAP,
  volume        = "8",
  number        = "3",
  month         = May,
  year          = "2000",
  pages         = "311--319"
}


@Manual{PESQ,
  title = 	 "{Perceptual evaluation of speech quality (PESQ), an objective method for end-to-end speech quality assessment of narrowband telephone networks and speech codecs P.862}",
  author = 	 "{ITU-T}",
  organization = "{International Telecommunications Union (ITU-T) Recommendation}",
  month = 	 feb,
  year = 	 2001
}

@article{Castellanos_2002,
 author = {J. Longina Castellanos and Susana G\'{o}mez and Valia Guerra},
 title = "{The triangle method for finding the corner of the L-curve}",
 journal = {Applied Numerical Mathematics},
 volume = 43,
 number = 4,
 month = dec,
 year = 2002,
 pages = {359--373},
 publisher = {Elsevier Science Publishers B. V.},
 address = {Amsterdam, The Netherlands, The Netherlands}
} 


@article{Huang_ITSP_2003,
  author        = "Yiteng Huang and Jacob Benesty",
  title         = "{A Class of Frequency-Domain Adaptive Approaches to Blind Multichannel Identification}",
  journal       = ITSP,
  volume    = {51},
  number    = {1},
  month = jan,
  year      = {2003},
  pages     = {11--24},
}


@article{Nagata_Wiley_2004,
  author = 	 {Yu Nagata and Yosuke Tatekura and Hiroshi Saruwatari and Kiyohiro Shikano},
  title = 	 {Iterative Inverse Filter Relaxation Algorithm for Adaptation to Acoustic Fluctuation in Sound Reproduction System},
  journal = 	 {Electronics and Communications in Japan},
  volume        = "87",
  number        = "7",
  month         = jul,
  year          = "2004"
}


@inproceedings{Gaubitch_EUSIPCO_2004,
  author        = "Nikolay D. Gaubitch and Patrick A. Naylor and Darren B. Ward",
  title = "{Multi-microphone Speech Dereverberation Using Spatio-temporal Averaging}",
  booktitle     = EUSIPCO,
  address       = "Vienna, Austria",
  month         = sep,
  year          = "2004",
  pages         = "809--812"
}

@inproceedings{Habets_ICASSP_2005,
  author        = "Emanu{\"e}l A. P. Habets",
  title = "{Multi-channel Speech Dereverberation Based on a Statistical Model of Late Reverberation}",
  booktitle     = ICASSP,
  address       = "Philadelphia, USA",
  month         = mar,
  year          = "2005",
  pages         = "173--176"
}

@ARTICLE{Martin_ITSP_2005,
author={R. K. Martin and K. Vanbleu and Ming Ding and G. Ysebaert and M. Milosevic and B. L. Evans and M. Moonen and C. R. Johnson},
journal={IEEE Transactions on Signal Processing}, 
title={Unification and evaluation of equalization structures and design algorithms for discrete multitone modulation systems},
year={2005},
month=oct,
volume={53},
number={10},
pages={3880--3894}
}






@article{Beutelmann_2006,
    author = {Rainer Beutelmann and Thomas Brand},
    journal = JASA,
    number = {1},
    pages = {331--342},
    title = {{Prediction of speech intelligibility in spatial noise and reverberation for normal-hearing and hearing-impaired listeners}},
    volume = {120},
	  month = jul,
    year = {2006}
}


@inproceedings{Hasan_EUSIPCO_2006,
  author        = "Kamrul Hasan and Patrick A. Naylor",
title = "{Analyzing effect of noise on LMS-type approaches to blind estimation of SIMO channels: robustness issue}",
  booktitle     = EUSIPCO,
  address       = "Florence, Italy",
  month         = sep,
  year          = "2006"
}


@inproceedings{Wen_IWAENC_2006,
  author        = "Jimi Wen and Nikolay D. Gaubitch and Emanu{\"e}l A. P. Habets and Tony Myatt and Patrick A. Naylor",
title = "Evaluation of Speech Dereverberation Algorithms Using the MARDY Database",
  booktitle     = IWAENC,
  address       = "Paris, France",
  month         = sep,
  year          = "2006",
}

@article{Huber_ITASLP_2006,
  author        = "Rainer Huber and Birger Kollmeier",
  title         = "{PEMO-Q - A New Method for Objective Audio Quality Assessment Using a Model of Auditory Perception}",
  journal       = ITASLP,
  volume        = "14",
  number        = "4",
  month         = nov,
  year          = "2006",
  pages         = "1902--1911"
}


@article{Gaubitch_JASA_2006,
  author        = "Nikolay D. Gaubitch and Darren B. Ward and Patrick A. Naylor",
  title         = "{Statistical analysis of the autoregressive modeling of reverberant speech}",
  journal       = JASA,
  volume        = "120",
  number        = "6",
  month         = dec,
  year          = "2006",
  pages         = "4031--4039"
}



@ARTICLE{Delcroix_2007,
author={M. Delcroix and T. Hikichi and M. Miyoshi},
journal=ITASLP, 
title={Precise Dereverberation Using Multichannel Linear Prediction},
year={2007},
month=feb,
volume={15},
number={2},
pages="430--440"
}

@inproceedings{Habets_ICASSP_2007,
  author        = "Emanu{\"e}l A. P. Habets and Sharon Gannot",
title = "{Dual-microphone speech dereverberation using a reference signal}",
  booktitle     = ICASSP,
  address       = "Honolulu, USA",
  month         = apr,
  year          = "2007",
  pages         = "901--904"
}


@article{Hikichi_EURASIP_2007,
  author        = "Takafumi Hikichi and Marc Delcroix and Masato Miyoshi",
  title         = "{Inverse filtering for speech dereverberation less sensitive to noise and room transfer function fluctuations}",
  journal       = "{EURASIP Journal on Advances in Signal Processing}",
  volume        = "2007",
  year          = "2007"
}


@ARTICLE{Habets_ITASLP_2008,
author={Emanu{\"e}l A. P. Habets and Sharon Gannot and Israel Cohen and Piet C. W. Sommen},
journal=ITASLP,
title={Joint Dereverberation and Residual Echo Suppression of Speech Signals in Noisy Environments},
year=2008,
month=nov,
volume=16,
number=8,
pages={1433--1451}
}

@ARTICLE{Habets2009a,
  author = {Emanu{\"e}l A. P. Habets and Sharon Gannot and Israel Cohen},
  title = {Late Reverberant Spectral Variance Estimation Based on a Statistical Model},
  journal = IEEE_J_SPL,
  year = {2009},
  volume = {16},
  pages = {770-774},
  number = {9},
  month = sep,
}    


@ARTICLE{Kinoshita_ITASLP_2010,
author={K. Kinoshita and M. Delcroix and T. Nakatani and M. Miyoshi},
journal=ITASLP, 
title={Suppression of Late Reverberation Effect on Speech Signal Using Long-Term Multiple-step Linear Prediction},
year=2009,
month=may,
volume={17},
number={4},
pages={534--545}
}

@PhdThesis{Sehr_phd,
  author =       {A. Sehr},
  title =        {Reverberation Modeling for Robust Distant-Talking Speech Recognition},
  school =       {Friedrich-Alexander-Universit{\"a}t Erlangen-N{\"u}renberg},
  year =         {2009},
  address = {Erlangen},
  month =     oct
}


@inproceedings{Goetze_AES_2010,
  author = {S. Goetze and E. Albertin and J. Rennies and Emanu{\"e}l A. P. Habets and K.-D. Kammeyer},
  year = {2010},
  month = Jun,
  title = {Speech quality assessment for listening-room compensation},
  booktitle     = {Proc. 38th AES International Conference on Sound Quality Evaluation},
  pages = {11-20},
  address={Pitea, Sweden},
}


@ARTICLE{Nakatani_ITASLP_2010,
author={T. Nakatani and T. Yoshioka and K. Kinoshita and M. Miyoshi and J. Biing-Hwang},
journal=ITASLP, 
title={Speech Dereverberation Based on Variance-Normalized Delayed Linear Prediction},
year={2010},
month=sep,
volume={18},
number={7},
pages={1717--1731}
}



@inproceedings{Sehr_IWAENC_2010,
  author        = "A. Sehr and E. A. P. Habets and R. Maas and W. Kellermann",
title = "Towards a better understanding of the effect of reverberation on speech recognition performance",
  booktitle     = IWAENC,
  address       = "Tel Aviv, Israel",
  month         = sep,
  year          = "2010",
}

@ARTICLE{Jeub_ITASP_2010,
 author={M. Jeub and M. Schafer and T. Esch and P. Vary},
 journal=ITASLP, 
 title={Model-Based Dereverberation Preserving Binaural Cues},
 year={2010},
 month=sep,
 volume={18},
 number={7},
 pages={1732--1745}
}
@inproceedings{Zhang_IWAENC_2010,
  author        = "Wancheng Zhang and Emanu{\"e}l A. P. Habets and Patrick A. Naylor",
title = "{On the use of channel shortening in multichannel acoustic system equalization}",
  booktitle     = IWAENC,
  address       = "Tel Aviv, Israel",
  month         = sep,
  year          = "2010",
}



@ARTICLE{Mertins_ITASLP_2010,
  author = {Alfred Mertins and Tiemin Mei and Markus Kallinger},
  title = {Room Impulse Response Shortening/Reshaping with Infinity- and $p$-Norm Optimization},
  journal = ITASLP,
  volume = {18},
  pages = {249--259},
  number = {2},
  month = feb,
  year = {2010}
}


@ARTICLE{Haque_ITASLP_2011,
author={M. A. Haque and T. Islam and M. K. Hasan},
journal=ITASLP, 
title={Robust Speech Dereverberation Based on Blind Adaptive Estimation of Acoustic Channels},
year={2011},
month=may,
volume={19},
number={4},
pages={775--787}
}

@Article{Warzybok_JASA_2012,
  author = 	 {Anja Warzybok and Jan Rennies and Thomas Brand and Simon Doclo and Birger Kollmeier},
  title = 	 {Effects of spatial and temporal integration of a single early reflection on speech intelligibility},
  journal = 	 {Journal of the Acoustical Society of America},
  year = 	 {in press}
}

@inproceedings{Warzybok_Acusticum_2011,
  author        = "Anja Warzybok and Jan Rennies and Simon Doclo and Birger Kollmeier",
title = "{Influence of early reflections on speech intelligibility under different noise conditions}",
  booktitle     = "{Proc. Forum Acusticum}",
  address       = "Aalborg, Denmark",
  month         = jun,
  year          = "2011",
pages = "1149--1154"
}


@article{Arweiler_JASA_2011,
  author        = "Iris Arweiler and J{\"o}rg M. Buchholz",
  title         = "{The influence of spectral characteristics of early reflections on speech intelligibility}",
  journal       = JASA,
  volume        = "130",
  number        = "2",
  month         = aug,
  year          = "2011",
  pages         = "996--1005"
}


@ARTICLE{Hacihabibouglu_ITASLP_2012,
author={H. Hacihabibouglu and Z. Cvetkovic},
journal=ITASLP, 
title={Multichannel Dereverberation Theorems and Robustness Issues},
year={2012},
month=feb,
volume={20},
number={2},
pages={67--689}
}

@INPROCEEDINGS{Jungmann_ICASSP_2014,
  author = {Jan Ole Jungmann and Radoslaw Mazur and Alfred Mertins},
  title = {Joint Time-Domain Reshaping and Frequency-Domain Equalization of Room Impulse Responses},
  booktitle = ICASSP,
  year = {2014},
  pages = {6692--6696},
  address = {Florence, Italy},
  month = {May},
}



@inproceedings{Lim_WASPAA_2013,
  author        = "Felicia Lim and M. R. P. Thomas and P. A. Naylor",
title = "{MINTFormer: A spatially aware channel equalizer}",
  booktitle     = {Proc. IEEE Workshop on Applications of Signal Processing to Audio and Acoustics (WASPAA)},
  address       = "New Paltz, New York, USA",
  month         = Oct,
  year          = "2013"
}


@inproceedings{Lim_ICASSP_2013,
  author        = "Felicia Lim and Patrick A. Naylor",
title = "{Robust low-complexity multichannel equalization for dereverberation}",
  booktitle     = ICASSP,
  address       = "Vancouver, Canada",
  month         = May,
  year          = "2013",
pages={689--693}
}

@inproceedings{Lim_IWAENC_2012,
  author        = "Felicia Lim and Patrick A. Naylor",
title = "{Relaxed Multichannel Least Squares with Constrained Initial Taps for Multichannel Dereverberation}",
  booktitle     = IWAENC,
  address       = "Aachen, Germany",
  month         = sep,
  year          = "2012",
}

@article{Kodrasi_ITASLP_2013,
  author    = {I. Kodrasi and S. Goetze and S. Doclo},
  title     = {Regularization for Partial Multichannel Equalization for Speech Dereverberation},
  journal   = ITASLP,
  volume    = {21},
  number    = {9},
  year      = {2013},
  pages     = {1879-1890},
month = sep
}

@book{Naylor_Derev_book,
 author = {Patrick A Naylor and Nikolay D. Gaubitch},
 title = {Speech Dereverberation},
 year = {2010},
 edition = {1st},
 publisher = {Springer Publishing Company}
} 

@inproceedings{Kodrasi_ICASSP_2012,
  author        = "Ina Kodrasi and Simon Doclo",
title = "{Robust partial multichannel equalization techniques for speech dereverberation}",
  booktitle     = ICASSP,
  address       = "Kyoto, Japan",
  month         = mar,
  year          = "2012",
pages = "537--540"
}

@inproceedings{Maas_ICASSP_2012,
  author        = "R. Maas and E. A. P. Habets and A. Sehr and W. Kellermann",
title = "{On the application of reverberation suppression to robust speech recognition}",
  booktitle     = ICASSP,
  pages = "297--300",
  address       = "Kyoto, Japan",
  month         = mar,
  year          = 2012
}



@ARTICLE{Lin_ITASLP_2012,
author={Lin Xiang and A. W. H Khong and P. A. Naylor},
journal=ITASLP, 
title={A Forced Spectral Diversity Algorithm for Speech Dereverberation in the Presence of Near-Common Zeros},
year={2012},
month=mar,
volume={20},
number={3},
pages={888--899}
}

@article{Miyoshi_ITASS_1988,
  author        = "Masato Miyoshi and Yutaka Kaneda",
  title         = "Inverse filtering of room acoustics",
  journal       = ITASSP,
  volume        = "36",
  number        = "2",
  month         = feb,
  year          = "1988",
  pages         = "145--152"
}















