@InProceedings{Doclo_SC_2007,
  author = 	 {S. Doclo and A. Spriet and J. Wouters and M. Moonen},
  title =        "{Frequency-domain criterion for the speech distortion weighted multichannel Wiener filter for robust noise reduction}",
  booktitle =    "Speech Communication, special issue on Speech Enhancement",
  year = 	 "2007",
  volume = 	 "49",
  month =        "Jul.-Aug.",
  pages = 	 "636-656"
}

@ARTICLE{Habets2008,
  author = {E. A. P. Habets and I. Cohen and S. Gannot},
  title = {Generating nonstationary multisensor signals under a spatial coherence constraint},
  journal = {Journal of the Acoustical Society of America},
  year = {2008},
  volume = {124},
  pages = {2911--2917},
  number = {5},
  month = nov
}

@INPROCEEDINGS{Wen_IWAENC_2006,
  author = {J. Wen and N. D. Gaubitch and E. A. P. Habets and T. Myatt and P.
	A. Naylor},
  title = {Evaluation of speech dereverberation algorithms using the {MARDY}
	database},
  booktitle = {Proc. International Workshop on Acoustic Echo and Noise Control},
  year = {2006},
  address = {Paris, France},
  month = sep
}



@InCollection{Simmer_book_2001,
  author = 	 {K. U. Simmer and J. Bitzer and C. Marro},
  title = 	 {Post-filtering techniques},
  booktitle = 	 {Microphone Arrays},
  publisher = {Springer},
  year = 	 {2001},
  address = {Berlin, Germany},
  editor = 	 {M. Brandstein and D. Ward}
}

@book{Eisenhar_book_2007,
  title={A Treatise on the Differential Geometry of Curves and Surfaces},
  author={L. P. Eisenhart},
  year={2007}
}

@book{Sternberg_book_2012,
  title={Curvature in Mathematics and Physics},
  author={S. Sternberg},
  year={2012},
  address = {USA},
  publisher={Dover Pubications}
}

@ARTICLE{Gazor_ITSAP_2003,
author={S. Gazor and W. Zhang},
journal={IEEE Transactions on Speech and Audio Processing},
title="{A soft voice activity detector based on a Laplacian-Gaussian model}",
year={2003},
month=sep,
volume={11},
number={5},
pages={498--505}
}





@Book{Benesty_book_2008,
  author = 	 {J. Benesty and J. Chen and Y. Huang},
  title = 	 {Microphone Array Signal Processing},
  publisher = 	 {Springer},
  year = 	 {2008},
  address = 	 {Berlin, Germany}
}

@Manual{ASA,
  title = 	 {American National Standard Methods for Calculation of the Speech Intelligibility Index},
  organization = {Acoustical Society of America, ANSI S3.5-1997},
  month = 	 jun,
  year = 	 1997
}

@ARTICLE{Painter_IEEE_2000,
author={T. Painter and A. Spanias},
journal={Proc. of the IEEE},
title={Perceptual coding of digital audio},
year={2000},
month=apr,
volume={88},
number={4},
pages={451--515}
}

@InProceedings{Ngo_IWAENC_2008,
  author = 	 {K. Ngo and A. Spriet and M. Moonen and J. Wouters and S. H. Jensen},
  title = 	 "{Variable speech distortion weighted multichannel Wiener filter based on soft output voice activity detection for noise reduction in hearing aids}",
  booktitle = {Proc. International Workshop on Acoustic Echo and Noise Control},
  year = 	 {2008},
  month = 	 sep,
  address = 	 {Seattle, Washington USA}
}

@article{Ngo_EURASIP_2012,
 author = {K. Ngo and A. Spriet and M. Moonen and J. Wouters and S. H. Jensen},
 title = {Incorporating the conditional speech presence probability in multi-channel {Wiener} filter based noise reduction in hearing aids},
 journal = {EURASIP Journal on Advances in Signal Processing},
 volume = {2009},
 month = jul,
 year = {2009}
} 

@INPROCEEDINGS{Defraene_ICASSP_2012,
author={B. Defraene and K. Ngo and T. van Waterschoot and M. Diehl and M. Moonen},
booktitle={Proc. International Conference on Acoustics, Speech and Signal Processing},
title="{A psychoacoustically motivated speech distortion weighted multi-channel Wiener filter for noise reduction}",
year={2012},
month=mar,
address = {Kyoto, Japan},
pages={4637--4640}
}

@INPROCEEDINGS{Ngo_ICASSP_2011,
author={K. Ngo and M. Moonen and S. H. Jensen and J. Wouters},
booktitle={Proc. International Conference on Acoustics, Speech and Signal Processing},
title="{A flexible speech distortion weighted multi-channel Wiener filter for noise reduction in hearing aids}",
year={2011},
month=may,
address = {Prague, Czech Republic},
pages={2528--2531},
}

@INPROCEEDINGS{Breihaupt_ICASSP_2008,
author={C. Breithaupt and T. Gerkmann and R. Martin},
booktitle={Proc. International Conference on Acoustics, Speech and Signal Processing},
title="{A novel a priori SNR estimation approach based on selective cepstro-temporal smoothing}",
year={2008},
month=mar,
address = {Las Vegas, USA},
pages={4897--4900}
}

@ARTICLE{Ephraim_ITASSP_1984,
author={Y. Ephraim and D. Malah},
journal={IEEE Transactions on Acoustics, Speech and Signal Processing},
title={Speech enhancement using a minimum-mean square error short-time spectral amplitude estimator},
year={1984},
month=dec,
volume={32},
number={6},
pages={1109--1121}
}

@ARTICLE{Kodrasi_ITASLP_2013,
author={I. Kodrasi and S. Goetze and S. Doclo},
journal={IEEE Transactions on Audio, Speech, and Language Processing},
title={Regularization for Partial Multichannel Equalization for Speech Dereverberation},
year={2013},
month=sep,
volume={21},
number={9},
pages={1879--1890}
}

@article{Hansen_SIAM_1993,
author = {P. Hansen and D. O'Leary},
title = "{The use of the L-Curve in the regularization of discrete ill-posed problems}",
journal = {SIAM Journal on Scientific Computing},
volume = {14},
month = jan,
number = {6},
pages = {1487--1503},
year = {1993}
}




 @Article{Spriet_SP_2004,
  author = 	 {A. Spriet and M. Moonen and J. Wouters},
  title = 	 "{Spatially pre-processed speech distortion weighted multi-channel Wiener filtering for noise reduction}",
  journal = 	 {Signal Processing},
  year = 	 {2004},
  volume = 	 {84},
  number = 	 {12},
  pages = 	 {2367--2387},
  month = 	 dec
}

@Article{Doclo_ITSP_2002,
author={S. Doclo and M. Moonen},
journal={IEEE Transactions on Signal Processing},
title="{GSVD-based optimal filtering for single and multimicrophone speech enhancement}",
year={2002},
month=sep,
volume={50},
number={9},
pages={2230--2244}
}



@InCollection{Doclo_Chap_2010,
  author = 	 {S. Doclo and S. Gannot and M. Moonen and A. Spriet},
  title = 	 {Acoustic beamforming for hearing aid applications},
  booktitle = 	 {Handbook on Array Processing and Sensor Networks},
  publisher = {Wiley},
  year = 	 {2010},
  editor = 	 {S. Haykin and K. J. R. Liu},
  address = 	 {USA}
}


@ARTICLE{Souden_ITSP_2010,
author={M. Souden and J. Benesty and S. Affes},
journal={IEEE Transactions on Signal Processing},
title="{A study of the LCMV and MVDR noise reduction filters}",
year={2010},
month=sep,
volume={58},
number={9},
pages={4925--4935}
}


@InCollection{Gannot_book_2008,
  author = 	 {S. Gannot and I. Cohen},
  title = 	 {Adaptive beamforming and postfiltering},
  booktitle = 	 {Springer Handbook of Speech Processing},
  publisher = {Springer},
  year = 	 {2008},
  address =      {Berlin, Germany},
  editor = 	 {J. Benesty and M. M. Sondhi and Y. Huang}
}

@Article{Chen_ITASLP_2006,
  author = 	 {J. Chen and J. Benesty and Y. Huang and S. Doclo},
  title = 	 "{New insights into the noise reduction Wiener filter}",
  journal = 	 {IEEE Transactions on Audio, Speech and Language Processing},
  year = 	 {2006},
  volume = 	 {14},
  number = 	 {4},
  pages = 	 {1218--1234},
  month = 	 jul
}

